4985 6926
224 168 411 377 II
505 168 1345 377 NOUVELLES
1436 188 2908 333 INTERNATIONALES
3007 188 3106 333 •
3232 188 4076 340 DERNIERE
4164 168 4880 374 HEÏÏrFI

234 359 408 381 -<
3616 205 4020 384 .n.
4326 360 4875 404 ~mMM~u~-<

204 424 969 568 SUPRÊME
1036 442 1703 568 CHANCE
1764 442 1991 562 DE
2048 442 2452 562 PAIX

418 734 560 833 Les
608 734 1173 833 Négociations
1217 749 1440 814 entre
1479 734 1789 815 Vienne

1021 1021 1030 1032 ̃
1182 1018 1207 1032 1
1232 1018 1355 1032 inrin
1388 1020 1480 1023 ̃
1526 1022 1611 1032 r

156 1102 314 1141 L-ondres.
332 1102 368 1141 31
392 1102 533 1142 juillet.
590 1109 639 1137 On
674 1106 819 1143 apprend
856 1106 894 1137 de

120 1146 232 1173 source
252 1143 481 1178 diplomatique
501 1144 533 1172 la
553 1145 673 1180 reprise
693 1142 748 1171 des
766 1149 894 1171 conver-

120 1175 244 1207 sations
268 1180 355 1206 entre
378 1177 553 1209 l'Autriche
577 1182 607 1209 et
629 1180 661 1208 la
685 1179 809 1209 Russie.
837 1179 894 1207 Ces

120 1211 360 1245 conversations
386 1222 420 1243 se
446 1216 655 1251 poursuivent
682 1217 701 1244 à
726 1215 759 1243 la
787 1214 848 1244 fois
874 1214 892 1242 à

120 1246 240 1278 Vienne
257 1251 286 1277 et
302 1247 326 1277 à
340 1248 660 1287 Saint-Pétersbourg
677 1252 709 1279 et
725 1258 765 1280 od
785 1251 894 1286 espère

118 1284 246 1322 qu'elles
262 1287 471 1332 apporteront
486 1294 549 1316 une
566 1287 693 1320 détente
712 1287 731 1320 à
745 1287 778 1316 la
794 1288 892 1315 situa-

118 1316 185 1345 tion
210 1320 354 1352 actuelle.

140 1349 282 1383 Aucune
297 1358 495 1386 ambassade
517 1353 651 1391 n'avait
671 1353 900 1391 connaissance

118 1385 155 1418 de
177 1390 366 1423 nouveaux"
384 1393 661 1429 développements
702 1402 736 1423 ce
777 1393 889 1422 matin.

118 1424 279 1459 Belgrade
298 1426 318 1457 à
342 1429 390 1457 été
414 1431 571 1466 occupée,
591 1431 670 1466 mais
694 1438 734 1459 on
758 1431 812 1457 n'a
837 1436 891 1457 au.

116 1460 193 1490 cune
213 1460 290 1490 idée
312 1463 366 1492 des
389 1468 533 1494 mesures
556 1467 727 1496 militaires
750 1465 803 1502 qui
821 1465 892 1502 sui-

116 1497 204 1530 vront.

150 1531 198 1563 On
229 1534 347 1569 répète
367 1534 446 1569 dans
474 1537 520 1566 les
550 1538 681 1567 milieux
710 1536 890 1574 diplomati-

114 1572 193 1601 ques
208 1570 407 1608 autrichiens
426 1570 481 1608 que
500 1570 681 1608 l'Autriche
700 1570 737 1608 ne
746 1573 891 1602 convoite

114 1608 240 1638 aucune
258 1607 364 1641 partie
381 1607 422 1635 du
442 1609 603 1637 territoire
622 1608 721 1640 serbe.
745 1611 891 1638 Annexer

114 1637 254 1668 d'autres
280 1642 488 1677 populations
526 1645 633 1672 serbes
663 1644 818 1680 romprait
857 1643 889 1671 la

114 1672 247 1704 balance
262 1677 326 1705 des
350 1685 446 1708 racea
466 1685 505 1708 en
526 1678 835 1715 Autriche-Hongrie
860 1679 891 1708 et

112 1709 342 1742 constituerait
356 1720 418 1743 une
428 1720 571 1743 menace
590 1722 672 1750 pour
692 1716 737 1744 tes
756 1716 890 1744 intérêts

113 1743 169 1777 du
178 1746 301 1782 peuple
310 1748 349 1778 de
368 1751 420 1783 cet
436 1750 565 1785 empire.

114 1792 163 1823 On
182 1789 273 1831 oroit,
290 1796 314 1826 à
333 1799 468 1833 Vienne,
488 1799 585 1833 qu'un
601 1802 710 1833 conflit
726 1801 886 1834 européen

325 1832 404 1863 n'est
423 1841 483 1867 pas
504 1836 675 1866 inévitable

148 1879 277 1916 Vienne,
305 1881 337 1910 SI
366 1882 472 1917 juillet
501 1884 626 1920 (source
655 1886 822 1921 anglaise).

110 1914 434 1950 conversations
453 1919 642 1951 continuent
661 1919 756 1951 entre
774 1923 820 1950 les
842 1923 887 1949 di-

109 1950 267 1985 plomates
286 1960 394 1981 russes
413 1955 444 1983 et
462 1956 671 1987 autrichiens.

146 1986 415 2017 L'ambassadeur
440 1990 478 2019 de
501 1992 622 2021 Russie
643 1992 664 2021 a
686 2001 736 2027 eu,
762 1993 834 2021 hier
857 1996 889 2022 et

109 2021 329 2057 aujourd'hui,
354 2024 412 2054 des
432 2024 604 2054 entrevues
628 2029 819 2063 prolongées
844 2035 886 2057 au

110 2055 278 2093 Ballplatz.
299 2058 378 2088 Bien
398 2063 491 2096 qu'on
510 2068 551 2089 ne
569 2063 667 2091 sache
686 2064 761 2092 rien
780 2064 818 2092 au
837 2072 887 2092 su-

110 2091 155 2126 jet
173 2092 211 2120 de
229 2100 280 2123 ces
298 2097 549 2130 conversations,
568 2106 610 2125 on
630 2100 749 2127 semble
769 2100 887 2128 admet-

110 2129 160 2155 tre
185 2127 267 2157 dans
290 2130 334 2160 la
348 2139 466 2167 presse,
493 2139 527 2160 ce
552 2134 627 2167 soir,
654 2136 752 2170 qu'un
778 2135 888 2165 conflit

108 2164 267 2200 européen
290 2167 371 2195 n'est
392 2173 451 2203 pas
473 2165 655 2200 inévitable.
738 2170 888 2206 {L'Infor-

109 2200 276 2236 mation.)

290 2238 329 2268 La
349 2238 521 2268 nervosité
548 2240 569 2270 à
601 2242 710 2271 Berlin

147 2284 191 2313 Le
208 2284 305 2322 Lokal
325 2284 479 2322 Anzeiger
497 2287 577 2318 écrit
595 2297 637 2318 au
657 2291 743 2325 sujet
760 2290 817 2320 des
834 2291 888 2319 dé-

112 2319 229 2356 pèchea
254 2320 429 2357 échangées
453 2324 543 2354 entre
561 2324 597 2354 le
618 2328 687 2354 tsar
710 2326 741 2354 et
764 2325 887 2363 l'empe-

112 2357 191 2382 reur
210 2356 379 2386 Guillaume

150 2391 237 2419 Le
262 2394 331 2420 tsar
358 2397 459 2436 ayant
487 2396 556 2430 prié
584 2397 773 2430 l'empereur
802 2398 888 2426 Guil-

114 2424 223 2456 laume,
242 2427 350 2455 d'user
373 2428 412 2460 de
432 2428 490 2460 ses
512 2432 599 2463 bons
616 2432 727 2461 offices
750 2433 792 2461 de
814 2440 887 2463 sou-

113 2460 226 2489 verain
242 2462 405 2492 allemand
422 2466 498 2493 s'est
514 2466 618 2494 rendu
634 2468 654 2494 à
670 2475 707 2496 ce
725 2470 818 2497 désir.

148 2495 350 2532 L'empereur
378 2500 562 2529 Guillaume
589 2510 609 2530 a
637 2504 765 2533 ensuite
793 2511 886 2539 pour-

110 2527 192 2558 suivi
217 2539 267 2559 ses
290 2534 404 2562 efforts
428 2537 509 2563 dans
533 2543 567 2563 ce
589 2543 676 2572 sens,
702 2538 825 2573 malgré
850 2541 881 2567 la

112 2567 330 2597 Ill.Q/)ilisa.tion
354 2570 500 2605 partielle
524 2571 563 2599 de
586 2572 717 2602 l'année
741 2582 831 2603 russe
852 2575 887 2604 et

110 2600 193 2629 bien,
210 2604 304 2637 qu'on
332 2602 386 2634 eut
412 2604 624 2640 l'impression
651 2616 713 2644 que
742 2610 788 2638 lea
814 2617 883 2637 sen-

109 2635 240 2667 timents
264 2638 303 2666 de
328 2638 361 2667 la
386 2640 501 2670 Russie
525 2642 679 2672 n'étaient
706 2643 884 2675 nullement

109 2670 301 2707 pacifiques.1
318 2683 336 2699 »

144 2704 184 2737 La
204 2704 284 2737 nuit
304 2707 458 2744 dernière,
482 2718 605 2747 encore,
628 2714 757 2742 l'action
778 2716 881 2743 conci-

109 2739 234 2771 liatrice
258 2744 296 2772 de
320 2745 510 2781 l'empereur
550 2748 742 2783 Guillaume,
786 2753 884 2787 grâce

109 2780 163 2808 aux
181 2780 305 2808 efforts
321 2780 361 2809 de
378 2783 424 2810 sir
444 2782 582 2812 Edward
602 2784 696 2822 Grey,
717 2787 882 2822 s'exerçait

108 2813 239 2843 suivant
262 2823 325 2846 une
346 2819 493 2848 nouvelle
516 2820 652 2850 formule
673 2824 731 2858 qui
752 2823 883 2852 laissait

106 2848 171 2877 bon
192 2847 304 2886 espoir.

145 2885 190 2920 La
214 2888 431 2920 mobilisation
454 2891 553 2920 totale
574 2893 614 2922 de
637 2893 768 2923 l'armée
790 2903 882 2923 russe

105 2920 177 2950 doit
194 2923 275 2952 donc
294 2925 361 2954 être
381 2928 564 2960 considérée
585 2936 706 2960 comme
726 2939 790 2959 une
811 2939 879 2968 pro-

106 2959 253 2988 vacation
274 2959 331 2989 des
350 2963 425 2998 plus
445 2965 553 2992 nettes.

142 2993 170 3023 Il
187 2996 345 3026 convient
370 3007 485 3028 encore
513 3000 552 3030 de
581 3001 663 3031 faire
693 3010 879 3040 remarquer

107 3035 170 3065 que
192 3039 243 3060 ces
265 3033 357 3068 jours
381 3035 534 3071 derniers,
558 3037 606 3069 les
629 3039 779 3068 rumeurs
802 3040 880 3068 rela-

108 3067 189 3096 tives
210 3068 231 3096 à
253 3069 411 3099 l'attitude
433 3074 625 3107 menaçante
649 3075 686 3102 de
702 3076 740 3103 la
765 3076 880 3104 Russie

106 3104 164 3132 sur
184 3104 223 3132 la
242 3104 396 3134 frontière
420 3107 603 3138 allemande
628 3111 747 3139 étaient
770 3119 880 3146 parve-

108 3144 188 3167 nues
208 3142 227 3169 à
249 3141 280 3169 la
303 3143 536 3173 connaissance
556 3143 595 3173 dû
619 3147 816 3183 l'empereur,
838 3147 881 3176 de

106 3177 197 3212 sorte
216 3177 271 3212 que
285 3178 314 3205 le
332 3178 503 3209 souverain
522 3178 541 3209 a
558 3182 664 3210 donné
682 3191 743 3211 une
761 3190 879 3219 preuve

106 3210 193 3247 toute
211 3210 419 3247 particulière
440 3215 479 3243 de
500 3216 631 3251 loyauté
653 3218 671 3258 à
689 3218 813 3258 l'égard
834 3220 877 3247 du

106 3246 186 3280 tsar,
205 3250 246 3280 eu
267 3250 529 3280 n'abandonnant
545 3259 604 3288 pas
622 3254 651 3282 le
670 3255 737 3283 rôle
750 3261 815 3290 'que
832 3262 877 3283 ce-

106 3281 194 3312 lui-ci
214 3284 323 3316 l'avait
341 3287 409 3320 prié
426 3285 612 3323 d'accepter.

142 3318 186 3348 La
212 3320 326 3349 Russie
350 3322 371 3357 a
392 3322 537 3357 répondu
564 3326 582 3353 à
606 3325 697 3355 cette
716 3325 879 3355 confiance

106 3354 141 3383 de
159 3354 194 3383 la
212 3356 305 3390 façon
323 3357 355 3386 la
372 3358 445 3392 plus
464 3362 682 3394 outrageante.

142 3385 180 3426 L'
199 3385 350 3426 empereur
369 3385 539 3426 Guillaume
554 3397 658 3425 s'était
674 3398 798 3426 montré
812 3399 876 3433 jus-

103 3427 203 3460 qu'ici
220 3427 254 3460 le
274 3430 382 3462 prince
404 3430 442 3457 de
466 3431 498 3458 la
521 3430 604 3465 paix.
630 3432 675 3460 La
698 3427 815 3461 Russie
838 3441 877 3461 va

108 3462 311 3492 maintenant
340 3465 478 3499 trouver,
512 3467 593 3494 dans
624 3467 652 3495 le
682 3468 879 3497 descendant

108 3496 146 3525 de
174 3497 321 3528 Frédéric
349 3499 376 3528 le
405 3500 524 3535 Grand,
552 3502 591 3538 le
611 3502 727 3538 prince
747 3502 805 3538 'de
846 3505 879 3533 la

106 3539 228 3569 guerre.

141 3570 229 3599 Voici
250 3573 453 3602 maintenant
474 3581 512 3606 ce
526 3575 662 3610 qu'écrit
682 3576 712 3605 le
733 3576 878 3604 Berliner

109 3606 271 3641 Tageblatt

132 3654 180 3680 La
208 3655 314 3681 Russie
341 3657 372 3684 et
388 3657 449 3684 ses'
472 3657 560 3684 alliés
589 3663 627 3686 ne
654 3661 783 3691 peuvent
810 3659 879 3692 plus

106 3684 209 3711 douter
233 3692 290 3717 que
313 3687 508 3721 l'Allemagne
532 3692 587 3718 est
606 3692 769 3718 fermement
788 3692 879 3718 déci-

106 3714 158 3742 dée
182 3716 200 3742 à
225 3723 263 3743 ne
286 3724 346 3749 pas
366 3717 479 3746 reculer
502 3722 615 3747 devant
638 3722 667 3747 la
694 3728 818 3748 menace
841 3723 877 3748 dé

106 3746 138 3772 La
158 3748 265 3774 Russie
284 3752 323 3779 et,
346 3751 461 3782 malgré
481 3751 539 3782 son
560 3759 667 3778 amour
689 3753 723 3779 de
746 3754 775 3779 la
797 3756 877 3785 paix,

106 3777 125 3803 à
140 3779 213 3804 tirer
230 3779 266 3804 de
282 3780 314 3807 la
330 3780 474 3807 situation
490 3784 620 3810 actuelle
638 3786 734 3810 toutes
750 3785 794 3810 les
812 3790 877 3811 con-

106 3808 259 3847 6équenee3
276 3808 395 3847 qu'elle
409 3812 569 3845 comporte.

133 3840 217 3867 •Tous
236 3844 414 3875 envisagent
432 3845 460 3870 la
480 3851 588 3876 guerre
606 3848 785 3877 menaçante
802 3853 877 3874 com-

106 3872 145 3900 me
165 3872 223 3900 -un
243 3872 378 3900 malheur
394 3874 614 3909 épouvantable
633 3874 688 3909 qui
712 3879 746 3905 va
763 3879 880 3905 éclater

106 3903 164 3932 sur
184 3903 242 3932 d«3
262 3903 434 3932 centaines
454 3903 493 3932 de
516 3908 641 3934 milliers
670 3909 705 3941 de
723 3909 880 3941 paisibles

106 3932 250 3964 citoyens.

139 3977 225 4008 Voici
242 3979 327 4008 enfin
342 3981 376 4017 ce
393 3981 526 4017 qu'écrit
538 3984 568 4013 le
582 3983 681 4012 Lokal
696 3986 840 4020 Anzeiger

143 4024 289 4058 L'Empire
303 4028 465 4054 Allemand
490 4031 620 4061 prendra
641 4032 686 4061 les
708 4038 809 4060 armes
828 4033 877 4059 s'il

105 4059 160 4114 est
179 4059 362 4114 contraint.
381 4061 504 4086 Chacun
522 4062 590 4093 fera
607 4062 658 4093 son
675 4062 793 4093 devoir,
810 4070 875 4090 con-

106 4088 156 4115 mt
181 4088 280 4115 dans
300 4096 332 4116 sa
356 4091 439 4118 force
456 4091 490 4118 et
510 4094 583 4119 dans
602 4094 639 4119 la
658 4095 767 4126 justice
790 4095 826 4122 de
846 4096 877 4122 la

104 4125 196 4148 cause
223 4122 294 4154 pour
312 4122 453 4154 laquelle
481 4124 502 4150 U
525 4130 558 4150 se
587 4126 658 4151 lève.
686 4127 729 4153 La
755 4128 877 4154 victoire

103 4151 209 4177 suivra
232 4153 275 4178 les
296 4154 450 4186 drapeaux
473 4154 650 4185 allemands.

138 4196 185 4224 La
201 4197 322 4231 Gazette
340 4197 375 4231 de
393 4197 462 4231 Voss
480 4197 567 4231 écrit

138 4237 220 4271 Dans
242 4245 273 4271 la
294 4246 437 4274 situation
460 4247 499 4274 où
525 4254 602 4275 nous
625 4254 703 4278 nous
722 4253 876 4282 trouvons,

105 4275 129 4301 il
150 4279 197 4301 est
216 4277 263 4302 du
288 4278 391 4303 devoir
412 4279 449 4304 de
472 4280 541 4305 tous
566 4282 608 4306 les
634 4283 708 4308 bons
732 4283 875 4315 citoyens,

106 4307 251 4332 d'oublier
270 4307 337 4333 leur
357 4309 517 4336 différence
538 4312 690 4343 d'opinion
713 4319 748 4339 en
772 4321 804 4341 ce
826 4316 875 4345 qui

106 4342 253 4362 concerne
274 4339 305 4367 lq
330 4340 472 4371 ^oljiique
489 4342 666 4368 .intérieure.
693 4344 732 4370 Ils
758 4346 877 4370 doivent

108 4367 167 4394 être
195 4370 353 4396 unanimes
381 4370 398 4396 à
426 4372 563 4399 marcher
588 4380 631 4400 au
657 4376 775 4402 combat
802 4382 877 4408 pour

110 4398 176 4426 leur
194 4398 303 4432 patrie
322 4398 485 4432 'menacée.

178 4456 256 4483 Les
269 4458 490 4487 difficulté»
505 4462 629 4489 d'une
645 4462 811 4492 entente

145 4501 275 4538 Vienne;
290 4503 324 4539 SI
341 4503 476 4539 Juillet.
524 4506 661 4537 Suivant
678 4510 710 4539 la
726 4511 878 4541 Nouvelle

112 4537 222 4566 Presse
242 4539 344 4575 Libre,
366 4540 395 4569 lé
418 4541 477 4570 fait
498 4549 559 4578 que
581 4545 612 4572 la
634 4545 751 4575 Russie
773 4555 806 4576 se
826 4548 877 4575 dé-

112 4574 194 4604 clare
218 4576 308 4611 prête
333 4577 355 4605 à
377 4577 421 4605 un
446 4579 588 4618 échange
612 4581 650 4610 de
676 4590 753 4611 vues
778 4583 879 4611 direct

110 4617 186 4638 avec
202 4611 534 4648 l'Autritthe-Hoiigrié
552 4612 585 4651 ne
602 4612 765 4651 'simplifie
782 4619 880 4652 guèia

112 4646 143 4674 la
167 4646 332 4675 situation.
358 4648 403 4676 On
426 4649 476 4678 dit
500 4650 519 4686 à
538 4650 648 4686 Paris,
673 4651 719 4681 dit
741 4653 770 4682 le
794 4653 881 4689 jour-

110 4681 175 4715 oaL
202 4689 263 4719 que
289 4683 496 4721 l'Allemagne
538 4686 608 4716 doit
651 4688 881 4718 s'entremettre

111 4724 193 4753 pour
208 4726 341 4748 amener
358 4720 478 4749 Vienne
497 4722 517 4750 à
534 4723 658 4751 donner
677 4725 697 4753 à
714 4725 747 4752 la
765 4725 880 4754 Russie

110 4756 268 4784 certaines
312 4762 515 4792 assurances,
560 4760 762 4790 notamment
804 4769 877 4798 que,

110 4791 206 4826 après
220 4788 335 4827 qu'elle
352 4794 460 4822 aurait
477 4796 593 4824 vaincu
610 4797 643 4823 la
662 4797 781 4830 Serbie,
801 4799 826 4825 il
842 4806 880 4826 ne

112 4833 185 4855 sera
211 4835 271 4864 pas
297 4828 414 4857 touché
441 4830 461 4857 à
488 4830 750 4866 l'indépendance
781 4833 821 4861 de
846 4841 881 4862 ce

112 4870 200 4899 pays.
222 4864 274 4897 Or,
294 4864 503 4900 l'Allemagne
521 4873 560 4894 ne
578 4868 684 4897 désire
702 4869 882 4896 influencer

110 4898 267 4928 d'aucune
294 4900 438 4929 manière
466 4900 795 4940 l'Autriche-Hongrie
825 4912 882 4933 sur

112 4940 163 4964 ses
192 4935 344 4964 relations
374 4936 563 4966 ultérieures
592 4946 666 4968 avec
696 4941 728 4968 la
761 4938 880 4976 Serbie,

113 4971 154 5007 et,
170 4978 291 5000 comme
308 4971 343 5010 i"
361 4971 635 5010 Autriche-Hongrie
649 4976 825 5005 elle-même
842 4984 882 5007 na

113 5010 188 5036 veut
214 5009 275 5043 pas
296 5009 439 5043 prendra
464 5009 688 5041 actuellement
716 5012 880 5048 d'engage-

114 5045 218 5071 ments
240 5045 310 5079 pour
328 5045 485 5079 l'avenir,
503 5045 556 5079 les
577 5048 664 5077 trois
682 5048 786 5077 thèses
806 5049 881 5076 alle-

114 5080 239 5112 mande,
262 5081 559 5117 austro-hongroise
577 5084 607 5112 et
626 5088 718 5112 russe
736 5085 810 5113 sont
830 5092 881 5112 en-

116 5115 183 5152 core
200 5115 267 5152 très
284 5115 451 5152 éloignées.

114 5164 161 5193 La
182 5164 403 5201 mobilisation
422 5164 478 5201 est
497 5164 645 5201 générale
666 5175 706 5197 en
733 5169 882 5198 Autriche

146 5214 266 5243 Vienne,
284 5213 312 5238 31
331 5213 435 5245 Juillet.
496 5215 558 5241 Les
574 5216 723 5247 journaux
742 5216 780 5247 de
798 5217 881 5243 Vien-

117 5245 153 5269 ne
173 5245 202 5269 et
221 5242 258 5270 de
278 5240 427 5274 Budapest
446 5245 617 5275 publieront
638 5246 758 5272 demain
780 5252 814 5274 ce
834 5248 884 5278 qui

114 5273 208 5300 suit

149 5316 279 5360 D'après
298 5324 364 5346 une
385 5319 653 5347 communication
674 5320 836 5350 officielle
853 5320 886 5350 du

114 5352 145 5381 31
166 5353 285 5390 juillet,
302 5354 490 5389 l'empereur
509 5363 528 5384 a
550 5355 692 5383 ordonné
713 5358 745 5385 la
765 5358 886 5385 mobili-

116 5389 218 5417 sation
234 5384 386 5424 générale
405 5384 443 5424 de
460 5390 587 5419 l'armée
606 5393 636 5419 et
656 5391 691 5421 de
709 5391 744 5421 la
761 5390 886 5426 marine

116 5425 154 5452 de
170 5432 282 5460 guerre
298 5427 330 5453 et
344 5424 401 5453 des
417 5425 495 5454 deux
513 5426 707 5458 iandwehre,
726 5429 808 5456 ainsi
825 5435 886 5463 que

124 5459 235 5493 l'appel
264 5461 339 5492 sous
358 5461 414 5492 les
436 5462 543 5490 armes
565 5462 608 5490 de
634 5462 667 5491 la
689 5448 884 5493 Lantteturn.

116 5495 159 5523 Ce
186 5495 289 5524 décret
314 5497 360 5524 est
388 5496 504 5524 motivé
528 5505 587 5533 par
612 5499 644 5527 la
672 5498 888 5528 mobilisation

117 5529 276 5567 ordonnée
296 5529 356 5567 par
377 5531 408 5559 !a
432 5531 552 5562 Russie.
578 5533 666 5562 Cette
688 5535 807 5565 mesure
827 5535 887 5565 n'a

118 5572 223 5594 aucun
248 5567 408 5595 caractère
432 5568 577 5602 agressif,
602 5569 625 5598 il
649 5576 688 5598 ne
712 5569 824 5605 s'agit,
840 5569 888 5605 que

118 5602 212 5629 d'une
230 5608 354 5631 mesure
374 5602 412 5631 de
434 5603 619 5638 précaution
642 5611 724 5640 pour
742 5605 884 5641 piotégej

115 5636 318 5665 absolument
340 5636 374 5666 la
397 5638 593 5671 monarchie.

323 5691 692 5784 ttsiBTiijTÊI

881 5801 912 5834 ,1
904 5812 912 5834 o

220 5851 297 5879 Les
320 5852 576 5885 Autrichiens
598 5857 806 5887 occupent

410 5893 645 5927 Belgrade
892 5893 912 5935 i

160 5939 309 5977 Èjondres,
326 5939 360 5977 31
377 5939 493 5977 juillet
506 5943 604 5971 On
620 5942 739 5973 mande
752 5941 791 5972 de
806 5938 891 5973 Sem-

130 5977 182 6010 Un,
202 5985 244 6006 au
264 5976 419 6006 Standard

162 6013 311 6048 Belgrade
330 6013 386 6048 est
406 6014 524 6048 occupé
542 6022 601 6050 par
622 6017 669 6046 les
688 6018 820 6051 troupes
840 6024 893 6045 au-

132 6049 332 6077 trichiennes.
358 6047 416 6086 Les
436 6047 551 6086 forces
571 6047 629 6086 qui
649 6047 707 6086 ont
727 6047 842 6086 envahi
862 6047 901 6086 la

131 6083 237 6113 Serbie
253 6092 315 6120 par
332 6084 519 6114 Semendria
538 6087 722 6118 s'avancent
737 6096 812 6118 vers
828 6088 894 6121 Osi-

132 6120 274 6154 paonica.

132 6164 200 6205 Les
223 6164 472 6205 Autrichiens
495 6164 563 6205 Ont
581 6176 713 6207 repris

217 6213 254 6240 le,
272 6213 613 6243 bombardement
626 6215 678 6242 de
701 6215 900 6250 Belgrade

168 6257 259 6293 Nich,
274 6260 305 6288 31
321 6260 436 6298 juillet.
502 6260 545 6290 Le
558 6261 594 6291 30
609 6261 724 6297 juillet,
742 6262 759 6292 à
776 6262 810 6292 10
824 6265 898 6292 heu-

132 6302 188 6323 res
201 6293 246 6322 du
260 6297 371 6330 matin,
386 6295 562 6326 l'artillerie
576 6298 803 6327 autrichienne
817 6308 835 6328 a
853 6308 897 6328 re-

134 6333 313 6359 commencé
336 6331 364 6360 le
386 6331 648 6363 bombardement
672 6334 711 6362 de
734 6333 895 6368 Belgrade.

170 6366 309 6402 Terazie,
333 6368 442 6396 centre
466 6368 503 6397 de
526 6367 558 6396 la
581 6370 665 6405 ville,
690 6370 721 6398 et
746 6369 793 6397 les
817 6374 898 6404 prin-

136 6402 257 6439 cipales
282 6410 355 6431 rues
381 6406 453 6432 sont
478 6404 600 6438 criblés
618 6404 740 6438 d'obus,
766 6398 827 6441 qui
848 6409 900 6434 ont

136 6438 235 6469 causé
250 6435 306 6467 des
322 6439 433 6475 dégâts
446 6440 692 6473 considérables.
712 6441 770 6470 Les
790 6441 906 6470 Serbes

136 6483 178 6505 ae
193 6474 348 6511 ripostent
361 6483 429 6511 pas.

173 6511 263 6540 Dans.
284 6517 329 6538 un
350 6511 443 6546 hôtel,
466 6518 507 6541 on
529 6520 548 6541 a
572 6513 678 6541 airêtA
698 6514 754 6542 des
776 6513 904 6549 espions

138 6549 193 6584 qui
217 6545 416 6582 indiquaient
440 6550 461 6578 à
485 6548 659 6577 l'artillerie-
683 6551 904 6580 ^.trichienne

140 6583 186 6614 les
202 6582 348 6613 endroits
366 6580 406 6612 où
426 6584 451 6612 il
470 6582 576 6613 fallait
597 6585 691 6615 risez*

178 6646 231 6674 La
260 6642 377 6672 levée
401 6642 448 6672 en
473 6641 695 6674 masser
725 6636 873 6675 Serbie

173 6691 322 6724 Athènes,
338 6688 368 6725 31
383 6688 502 6725 juillet.
553 6690 620 6718 O.:t
635 6689 751 6719 •"i.i.rda
766 6689 805 6719 de
821 6692 906 6720 Salo-

140 6728 238 6765 nique
258 6728 317 6765 que
329 6725 364 6753 la
381 6724 465 6754 levée
482 6731 522 6754 en
544 6731 568 6757 ît.
662 6732 679 6752 -i
702 6726 748 6754 'té
766 6725 906 6757 décrétée

141 6771 181 6792 en
198 6758 315 6794 Serbie,
332 6758 366 6794 où
383 6758 434 6794 les
451 6758 568 6794 autor'-
627 6760 701 6790 l.-i.
716 6760 804 6790 ̃.knes
819 6760 907 6790 incor-

137 6799 257 6838 porait
279 6798 355 6827 tous
378 6794 426 6825 ks
450 6793 595 6833 borna-
620 6793 717 6833 «i-«
742 6793 839 6833 âgés
864 6793 913 6833 de

813 897 895 962 et
939 878 1711 979 Saint-Pétersbourg
1754 883 2212 960 continuent

934 1108 972 1138 18
991 1108 1010 1138 à
1029 1107 1066 1138 60
1081 1107 1137 1139 ans
1197 1108 1320 1144 Serbes,
1342 1108 1510 1145 Bulgares,
1534 1108 1639 1143 Grecs,
1662 1108 1707 1137 Is-

934 1143 1065 1173 raélites
1084 1147 1114 1172 et
1134 1146 1240 1172 Turcs.

970 1179 1025 1208 Ils
1044 1179 1117 1208 sont
1144 1180 1416 1218 immédiatement
1442 1179 1564 1217 dirigés
1589 1185 1650 1208 sur
1676 1177 1707 1208 le

934 1216 1078 1251 quartier
1098 1213 1238 1251 général.

970 1249 1027 1279 Les
1056 1251 1262 1286 papulations
1300 1251 1371 1281 font
1410 1252 1540 1287 partout
1581 1246 1707 1279 montre

932 1286 1007 1314 d'un
1028 1287 1145 1316 ardent
1162 1288 1248 1317 désir
1267 1287 1305 1317 de
1324 1289 1500 1318 combattre
1519 1288 1551 1317 et
1570 1286 1613 1315 du
1632 1287 1707 1322 plus

934 1322 980 1350 vif
996 1323 1205 1357 patriotisme.

936 1373 998 1399 Un
1014 1365 1305 1403 détachement
1322 1378 1379 1404 de
1389 1374 1617 1404 douaniers

1074 1416 1331 1444 autrichiens
1346 1417 1554 1449 repousse

1174 1456 1256 1484 une
1269 1459 1439 1489 attaque
1452 1458 1531 1483 des
1546 1455 1705 1482 Serbes

971 1502 1100 1539 Vienne,
1117 1503 1147 1538 31
1162 1503 1281 1538 juillet.
1352 1505 1399 1532 On
1418 1502 1552 1537 annonce
1572 1502 1706 1537 qu'hier

933 1538 974 1569 un
995 1538 1220 1569 détachement
1241 1538 1282 1569 de
1303 1538 1487 1569 douaniers
1508 1547 1526 1567 a
1550 1533 1703 1574 repoussé

933 1582 996 1604 une
1015 1578 1146 1611 attaque
1165 1577 1203 1605 de
1222 1577 1335 1605 Serbes
1353 1575 1538 1610 supérieurs
1558 1580 1600 1602 en
1621 1580 1704 1602 nom-

934 1611 999 1645 bre,
1018 1611 1092 1646 près
1111 1611 1148 1646 de
1168 1613 1323 1648 Klotjova.
1346 1613 1404 1640 Les
1422 1610 1591 1640 douaniers
1610 1610 1704 1640 n'ont

933 1647 992 1682 pas
1012 1647 1091 1682 subi
1117 1648 1155 1676 de
1182 1648 1295 1684 pertes.
1325 1647 1385 1676 Les
1412 1648 1525 1676 Serbes
1552 1646 1702 1675 auraient

930 1682 1034 1718 perdu
1053 1683 1088 1712 un
1106 1683 1243 1712 officier
1260 1685 1290 1714 et
1310 1683 1494 1718 vingt-deux
1513 1682 1666 1711 hommes.

930 1776 985 1835 LE
1013 1778 1185 1836 BUREAU
1214 1777 1564 1837 INTERNATIONAL

1186 1860 1241 1919 DE
1269 1860 1324 1919 LA
1353 1860 1449 1917 PAIX

1017 1926 1493 1999 S'ADRESSEJOUHEFS
1523 1926 1702 1999 D'ÉTAT

962 2052 1136 2087 Bruxelles,
1156 2054 1189 2082 31
1209 2052 1323 2088 juillet.
1395 2053 1444 2081 Le
1462 2052 1584 2080 bureau
1605 2048 1699 2080 inter-

933 2090 1076 2115 national
1094 2089 1133 2115 de
1150 2089 1181 2115 la
1201 2088 1272 2122 paix
1290 2090 1365 2116 s'est
1384 2090 1473 2115 réuni
1492 2087 1697 2122 aujourd'hui

928 2124 958 2151 et
977 2131 996 2151 a
1017 2124 1136 2159 envoyé
1156 2124 1211 2152 des
1228 2125 1342 2160 appela
1362 2131 1404 2152 au
1425 2130 1515 2158 pape,
1537 2126 1556 2153 à
1578 2121 1701 2157 l'empè-

929 2167 1004 2187 reur
1022 2160 1060 2188 de
1080 2161 1203 2195 Russie,
1226 2161 1245 2188 à
1266 2161 1452 2196 l'empereur
1472 2159 1697 2194 d'Allemagne,

925 2202 970 2223 au
985 2196 1031 2229 roi
1047 2196 1183 2229 d'Italie,
1197 2197 1216 2225 à
1235 2197 1272 2225 M.
1289 2197 1421 2229 Wilson,
1438 2196 1458 2224 à
1472 2194 1510 2227 M.
1529 2194 1698 2227 Poincaré,

928 2238 970 2257 au
996 2232 1106 2272 prince
1129 2232 1167 2259 de
1192 2233 1335 2266 Monaco,
1362 2231 1381 2259 à
1405 2231 1443 2263 M.
1462 2231 1611 2263 Viviani,
1636 2237 1698 2257 aux

928 2267 1109 2294 ministères
1132 2267 1187 2295 des
1209 2267 1340 2294 affaires
1364 2266 1548 2301 étrangères
1570 2266 1608 2293 de
1633 2266 1699 2294 Bel-

926 2302 1032 2338 gique,
1050 2302 1086 2338 de
1104 2302 1227 2338 Suisse,
1245 2302 1299 2330 des
1317 2303 1488 2336 Pays-Bas,
1509 2301 1698 2336 d'Espagne,

929 2338 969 2366 du
993 2338 1167 2373 Portugal,,
1182 2338 1224 2367 du
1249 2338 1440 2371 Danemark,
1464 2337 1503 2367 de
1526 2337 1637 2371 Suède,
1662 2338 1699 2366 de

928 2374 1070 2408 Norvège
1082 2374 1116 2401 et
1132 2374 1175 2401 du
1191 2374 1421 2409 Luxembourg.

963 2410 1004 2437 Le
1029 2409 1151 2436 bureau
1178 2410 1310 2444 conjure
1334 2411 1364 2439 Le
1388 2409 1551 2444 président
1569 2409 1697 2436 Wilson

928 2445 1050 2472 d'offrir
1069 2452 1105 2473 sa
1127 2445 1301 2473 médiation
1325 2445 1407 2472 dans
1428 2446 1457 2473 le
1479 2444 1588 2473 conflit
1609 2440 1697 2471 euro-

926 2480 1013 2514 péen.

962 2518 1010 2545 Au
1032 2517 1196 2552 président
1218 2515 1384 2549 Poincaré,
1409 2515 1448 2547 le
1468 2515 1584 2547 bureau
1602 2521 1624 2545 a
1646 2521 1698 2543 en-

926 2551 1006 2586 voyé
1025 2551 1053 2579 le
1072 2552 1277 2587 télégramme
1294 2552 1417 2580 suivant

957 2600 997 2624 Le
1019 2600 1135 2625 Bureau
1160 2600 1375 2626 International
1398 2600 1435 2625 de
1456 2598 1485 2625 la
1508 2600 1583 2626 Paix
1605 2602 1632 2626 et
1654 2600 1697 2625 les

928 2630 1067 2662 délégués
1097 2632 1148 2657 des
1174 2631 1306 2657 Sociétés
1334 2631 1371 2656 de
1397 2632 1467 2663 paix
1496 2631 1533 2657 die
1560 2634 1627 2657 tous
1654 2631 1698 2656 les

926 2667 1010 2695 pays,
1038 2663 1141 2687 réunis
1168 2665 1186 2690 à
1214 2663 1378 2692 Bruxelles,
1422 2669 1458 2688 en
1502 2663 1652 2694 appellent
1680 2668 1698 2686 a

926 2692 1078 2717 éminerit
1106 2693 1212 2723 juriste
1242 2694 1336 2724 qu'est
1365 2693 1392 2718 le
1422 2693 1574 2724 président
1602 2692 1638 2718 de
1669 2692 1698 2716 'a

925 2722 1110 2764 République
1132 2722 1282 2752 française
1304 2729 1379 2754 pour
1398 2724 1470 2755 qu'il
1493 2723 1618 2753 suggère
1638 2723 1697 2752 jus-

925 2759 961 2784 qu
979 2759 1015 2784 au
1034 2753 1136 2778 succès
1158 2754 1235 2779 final
1251 2754 1297 2779 les
1316 2754 1449 2779 diverses
1470 2752 1627 2778 modalités
1648 2758 1697 2784 pa-

924 2783 1053 2814 cifiques
1070 2783 1103 2814 ei
1127 2781 1295 2815 juridiques
1338 2784 1532 2815 susceptibles
1576 2780 1697 2808 d'éviter

926 2819 983 2841 une
1006 2814 1222 2846 conflagration
1246 2815 1393 2846 générale.

961 2861 987 2887 A
1014 2861 1054 2887 M.
1086 2859 1222 2892 Viviani,
1254 2859 1281 2886 le
1308 2860 1438 2887 bureau
1460 2860 1482 2887 a
1506 2858 1637 2886 adressé
1665 2858 1697 2886 la

922 2893 1063 2929 dépêche
1081 2895 1221 2921 suivante

956 2943 993 2968 Le
1018 2943 1133 2968 Bureau
1158 2943 1371 2974 international
1396 2943 1431 2969 de
1454 2943 1483 2968 la
1506 2942 1577 2974 paix
1601 2944 1631 2968 et
1653 2942 1695 2968 les

923 2971 1062 3004 délégués
1094 2973 1146 2998 des
1178 2968 1303 2999 sociétés
1352 2970 1510 3005 pacifistes,
1542 2972 1647 2999 réunis
1678 2973 1695 2996 à

923 3003 1087 3034 Bruxelles,
1109 3004 1262 3029 adressent
1284 3010 1324 3029 un
1346 3004 1525 3031 chaleureux
1546 3004 1633 3034 appel
1657 3008 1694 3027 au

923 3036 1157 3066 gouvernement
1185 3034 1221 3060 de
1249 3035 1277 3060 la
1306 3035 1491 3065 République
1537 3034 1695 3064 française,

922 3065 996 3090 actif
1022 3065 1241 3091 collaborateur
1268 3065 1303 3090 de
1332 3065 1452 3091 l'oeuvre
1478 3065 1631 3096 juridique
1658 3064 1695 3089 de

922 3096 960 3126 La
979 3096 1073 3126 Haye,
1092 3096 1167 3126 pour
1182 3096 1330 3121 réclamer
1345 3096 1397 3121 des
1414 3096 1515 3123 autres
1533 3099 1692 3126 gouverne-

922 3127 1019 3153 ments
1037 3132 1093 3157 que
1110 3127 1179 3151 tous
1197 3127 1240 3151 les
1258 3127 1362 3152 efforts
1382 3125 1488 3156 soient,
1504 3125 1610 3156 dirigés
1629 3130 1694 3150 vers

917 3160 981 3182 'une
1000 3157 1129 3182 solution
1148 3157 1295 3187 pacifique
1313 3157 1351 3183 du
1370 3157 1481 3187 conflit,
1501 3157 1529 3182 et
1545 3157 1694 3188 qu'aucun

922 3188 987 3213 acte
1009 3188 1046 3212 de
1066 3188 1171 3212 nature
1190 3187 1376 3217 belliqueuse
1397 3192 1434 3211 ne
1457 3186 1514 3211 soit
1537 3185 1691 3218 accompli,

924 3223 970 3242 set
996 3218 1215 3248 conséquences
1241 3218 1374 3249 pouvant
1398 3218 1460 3242 être
1485 3215 1692 3247 irréparables.

922 3248 960 3272 La
982 3249 1103 3277 France,
1122 3254 1160 3273 en
1181 3248 1282 3273 raison
1302 3248 1338 3273 de
1358 3253 1412 3272 son
1434 3247 1521 3277 passé
1542 3248 1570 3272 et
1590 3246 1626 3271 de
1646 3252 1692 3271 ses

921 3278 1098 3305 traditions,
1115 3278 1148 3305 ne
1164 3279 1233 3308 peut
1250 3284 1306 3309 que
1324 3277 1465 3309 coopérer
1482 3278 1546 3302 la
1562 3277 1690 3302 civilisa-

922 3309 984 3333 tion
1005 3308 1157 3333 mondiale
1178 3309 1206 3333 et
1226 3314 1263 3333 ne
1284 3309 1354 3339 peut
1374 3307 1525 3333 consentir
1546 3307 1564 3332 à
1582 3307 1618 3332 ce
1636 3312 1693 3338 que

922 3339 1058 3369 l'Europe
1080 3338 1136 3363 soit
1157 3338 1249 3363 livrée
1270 3339 1287 3363 à
1309 3339 1430 3363 l'œuvre
1452 3338 1487 3363 de
1510 3337 1691 3365 destruction

922 3372 949 3395 et
973 3370 1009 3394 de
1033 3370 1118 3394 mort.
1145 3369 1199 3395 Les
1224 3369 1372 3399 pacifistes
1397 3369 1433 3393 de
1457 3368 1524 3393 tous
1548 3369 1591 3393 les
1614 3372 1692 3401 pays

922 3401 1077 3430 ccmptr.nT
1095 3401 1147 3430 sur
1170 3399 1224 3424 elle
1248 3404 1323 3430 pour
1334 3399 1374 3426 la
1397 3399 1582 3430 sauvegarde,
1605 3398 1640 3423 as
1662 3398 1692 3423 'a

922 3426 993 3461 paix"
1013 3428 1160 3460 générale.

957 3509 1072 3569 DANS
1100 3509 1182 3567 LES
1214 3508 1325 3581 PAYS
1353 3508 1658 3581 BALKANIQUES

1098 3632 1143 3660 La
1161 3631 1333 3660 neutralité
1351 3634 1514 3661 ottomane

957 3680 1105 3716 Athènes,
1126 3680 1162 3709 30
1181 3680 1318 3716 juillet.
1373 3681 1458 3709 Dans
1481 3689 1543 3710 une
1562 3687 1688 3709 conver-

923 3718 1028 3747 sation
1045 3725 1119 3746 avec
1137 3717 1183 3745 M.
1199 3717 1304 3751 Streit,
1324 3717 1467 3745 ministre
1482 3717 1538 3746 des
1554 3718 1689 3746 affaires

922 3753 1116 3788 étrangères,
1144 3753 1171 3781 le
1196 3753 1343 3781 ministre
1366 3752 1405 3780 de
1430 3753 1568 3786 Turquie
1594 3760 1614 3779 a
1638 3752 1688 3780 dé-

922 3788 1015 3825 claré
1034 3788 1237 3825 aujourd'hui
1261 3796 1320 3824 que
1344 3789 1374 3817 la
1398 3786 1538 3823 Turquie
1560 3790 1611 3817 n'a
1634 3794 1689 3816 au-

922 3833 982 3853 cun
1009 3826 1124 3854 intérêt
1146 3826 1166 3854 à
1189 3825 1376 3855 intervenir
1395 3825 1470 3855 dans
1510 3825 1538 3853 le
1578 3825 1689 3853 conflit

923 3862 1144 3892 austro-serbe.
1177 3856 1262 3890 Cette
1290 3860 1487 3889 déclaration
1514 3859 1567 3893 est
1585 3859 1691 3893 consi-

922 3898 1014 3926 dérée
1038 3902 1159 3925 comme
1182 3899 1284 3932 ayant
1306 3904 1351 3925 un
1374 3896 1539 3924 caractère
1562 3902 1690 3930 person-

921 3934 973 3961 nel
993 3937 1026 3963 et
1045 3940 1110 3961 non
1132 3933 1258 3961 officiel.

1114 3979 1282 4011 L'attitude
1308 3982 1346 4010 de
1374 3982 1405 4010 la
1430 3981 1529 4010 Grèce

957 4032 1106 4066 Athènes,
1126 4031 1158 4060 31
1180 4025 1293 4067 juillet.
1370 4032 1405 4060 Je
1426 4032 1509 4059 tiens
1529 4031 1567 4059 de
1586 4031 1690 4059 bonne

922 4075 1035 4096 source
1062 4075 1123 4103 que
1151 4068 1186 4096 le
1204 4068 1256 4096 roi
1284 4067 1473 4095 Constantin
1504 4066 1523 4099 a
1542 4066 1691 4099 déclaré,

921 4104 1002 4139 hier,
1030 4104 1049 4133 à
1074 4108 1136 4133 une
1162 4103 1259 4132 haute
1285 4103 1502 4139 personnalité
1526 4103 1688 4136 militaire,

920 4148 983 4176 que
1002 4141 1034 4170 la
1058 4141 1154 4169 Grèce
1174 4148 1213 4169 ne
1235 4141 1402 4176 prendrait
1422 4141 1494 4175 part
1514 4147 1558 4168 au
1580 4139 1690 4168 conflit

921 4177 1138 4207 austro-serbe
1161 4184 1224 4212 que
1249 4177 1332 4205 dans
1358 4177 1386 4205 le
1414 4184 1468 4205 cas
1494 4176 1533 4204 où
1561 4174 1690 4205 l'armée

921 4213 1056 4249 bulgare
1076 4213 1114 4248 ou
1133 4213 1266 4248 l'armée
1284 4213 1401 4248 turque
1420 4212 1583 4242 entrerait
1602 4212 1639 4242 en
1654 4211 1689 4239 li-

922 4257 993 4286 gne.

918 4332 1096 4397 AUCUNE
1122 4334 1436 4395 MOBILISATION

1028 4405 1104 4475 N'A
1130 4405 1206 4475 ÉTÉ
1232 4405 1458 4475 OJBDQNNÉE
1474 4415 1529 4473 EN
1550 4414 1692 4472 ITALIE

958 4539 1067 4574 Rome,
1090 4537 1122 4568 31
1148 4538 1261 4575 juillet.
1340 4539 1379 4569 Le
1399 4539 1533 4569 conseil
1556 4538 1612 4567 des
1633 4538 1690 4566 mi-

922 4574 1040 4606 nistres
1058 4576 1130 4604 s'est
1148 4576 1240 4603 réuni
1258 4582 1302 4603 au
1318 4576 1424 4610 palais
1442 4574 1585 4603 Braschi.
1606 4574 1692 4603 Tous

925 4609 996 4637 le-s
1014 4609 1138 4637 membres
1156 4609 1192 4637 du
1210 4609 1351 4637 cairinet
1366 4610 1484 4638 étaient
1502 4610 1652 4643 présents.

960 4643 1012 4679 Les
1030 4643 1203 4679 "ministres
1222 4645 1276 4681 ont
1294 4645 1366 4681 pris
1385 4646 1616 4674 connaissance
1637 4645 1693 4673 des

925 4680 1086 4711 dernières
1102 4681 1267 4710 nouvelles
1284 4682 1322 4710 de
1339 4682 1449 4710 Berlin
1464 4676 1499 4711 et
1517 4676 1691 4711 de'Péters-

922 4716 1035 4753 bourg.

962 4754 1005 4782 Ils
1030 4755 1084 4782 ont
1106 4755 1260 4797 con^até,
1286 4756 1425 4790 quoique
1448 4754 1481 4782 la
1505 4754 1630 4790 gravité
1653 4753 1692 4782 de

926 4790 960 4819 la
977 4790 1127 4819 situation
1144 4793 1214 4819 soit
1232 4793 1302 4819 sans
1316 4791 1495 4826 précédent,
1512 4791 1692 4826 qu'aucune

925 4825 1139 4855 mobilisation
1157 4825 1211 4855 n'a
1229 4827 1278 4855 été
1296 4827 1466 4856 ordonnée.

960 4861 1006 4889 On
1034 4862 1161 4894 dément
1185 4861 1274 4898 tctis
1292 4861 1345 4898 les
1363 4861 1469 4898 bruits
1487 4861 1611 4898 d'après
1635 4862 1691 4889 les-

925 4898 1015 4933 quels
1030 4898 1088 4926 des
1108 4898 1244 4926 mesures
1261 4900 1403 4933 pouvant
1418 4898 1537 4933 porter
1557 4898 1695 4933 ombrage
1675 4905 1693 4925 e

926 4936 946 4963 à
970 4934 1003 4961 la
1029 4934 1151 4962 France
1177 4935 1327 4967 auraient
1353 4934 1401 4962 été
1425 4935 1528 4969 prises
1552 4931 1633 4962 dans
1654 4931 1695 4962 la

926 4969 1038 5005 région
1057 4969 1113 5005 des
1131 4970 1232 5005 Alpes.

961 5005 997 5034 Le
1015 5005 1140 5034 conseil
1158 5013 1180 5034 a
1200 5007 1278 5035 duré
1298 5007 1337 5035 de
1357 5006 1409 5034 dix
1430 5006 1547 5035 heures
1565 5006 1609 5035 du
1626 5012 1695 5035 ma-

926 5041 972 5069 tin
993 5043 1014 5071 à
1034 5049 1097 5070 une
1117 5042 1216 5071 heure
1237 5043 1274 5071 de
1296 5042 1512 5078 l'après-midi.

954 5110 1363 5173 fiSAMIFESTATiONS
1389 5110 1670 5173 SERBOPHILES

1167 5199 1461 5258 ENJSPAGNE
1521 5183 1530 5244 y

964 5317 1146 5352 Barcelone,
1169 5318 1200 5347 31
1225 5317 1363 5353 juillet.
1454 5319 1517 5347 Des
1557 5324 1695 5354 groupes

929 5353 1120 5389 importants
1145 5354 1181 5382 de
1204 5354 1431 5384 manifestants
1454 5356 1511 5383 ont
1533 5361 1693 5390 parcouru

930 5389 997 5419 hier
1014 5389 1064 5419 les
1080 5390 1274 5426 principales
1294 5397 1368 5418 rues
1386 5391 1424 5418 de
1442 5392 1474 5419 la
1493 5391 1567 5419 ville
1586 5397 1624 5418 en
1646 5397 1694 5417 ac-

930 5425 1070 5456 clamant
1097 5427 1130 5454 la
1158 5426 1274 5460 Sei.bie.
1306 5427 1349 5455 Ils
1377 5429 1432 5454 ont
1460 5427 1507 5454 été
1534 5426 1695 5460 dispersés

930 5460 985 5496 par
1004 5460 1041 5496 la
1060 5462 1160 5497 police
1182 5465 1259 5488 sans
1278 5462 1429 5490 incident.

965 5496 1024 5527 Les,
1052 5497 1276 5525 nationalistes
1305 5499 1359 5525 ont
1388 5497 1495 5533 publié
1522 5504 1567 5524 un
1594 5498 1695 5525 mani.

930 5533 1009 5561 feste
1027 5532 1160 5560 invitant
1177 5532 1211 5560 la
1226 5532 1412 5567 population
1430 5533 1448 5561 à
1466 5533 1603 5561 assister
1617 5533 1637 5559 à
1657 5533 1697 5559 un

930 5568 1031 5604 grand
1054 5568 1193 5602 meeting
1214 5569 1251 5596 de
1274 5568 1456 5603 sympathie
1477 5569 1496 5595 à
1518 5567 1636 5602 l'égard
1658 5567 1698 5594 de

930 5603 965 5636 la
983 5603 1105 5636 Serbie,
1130 5605 1188 5639 qui
1208 5605 1285 5639 sera
1306 5606 1383 5633 tenu
1410 5603 1537 5632 demain
1562 5602 1694 5632 samedi.

930 5637 947 5676 1
998 5637 1031 5676 (L
1048 5637 1273 5676 'Information).

933 5715 1259 5786 MOBILISATION
1287 5715 1504 5786 ÛËNÉBALE

1398 5803 1453 5874 EN
1481 5803 1701 5874 BELOIOUE

974 5925 1137 5959 Bruxelles,
1166 5921 1200 5958 31
1217 5921 1350 5958 juillet.
1401 5921 1418 5958 ̃
1435 5921 1469 5958 La
1482 5920 1699 5954 mobilisation

940 5960 1084 5999 générale
1106 5961 1124 5990 a
1142 5961 1195 5990 été
1212 5960 1354 5988 décrétée
1374 5966 1409 5987 ce
1430 5957 1505 5990 soir.

974 5995 1113 6025 L'armée
1129 5996 1218 6032 belge
1234 5993 1446 6029 comprendra
1464 5993 1511 6022 les
1525 5993 1645 6023 classes
1662 5993 1700 6021 de

941 6031 1006 6060 1902
1027 6030 1044 6060 à
1061 6030 1144 6060 1913.

976 6084 1146 6117 Bruxelles,
1164 6081 1195 6110 31
1214 6082 1350 6118 juillet.
1398 6082 1482 6110 Tous
1499 6081 1548 6110 les
1564 6080 1701 6110 officiers

942 6116 978 6153 de
996 6116 1120 6153 réserve
1138 6116 1192 6153 ont
1210 6116 1264 6153 été
1282 6116 1424 6153 rappelés
1442 6116 1531 6153 cette
1550 6116 1628 6145 nuit.
1653 6116 1698 6145 On

942 6156 1039 6192 prend
1060 6156 1102 6184 les
1121 6153 1282 6184 dernières
1301 6152 1507 6189 dispositions
1528 6159 1608 6188 pour
1626 6154 1699 6180 met-

942 6192 995 6222 tre
1013 6192 1049 6222 la
1073 6190 1230 6220 cavalarie
1257 6190 1276 6219 a
1302 6189 1440 6219 l'effectif
1466 6189 1506 6217 de
1533 6189 1605 6225 paix
1633 6195 1702 6220 ren-

944 6228 1167 6257 forcé.
1218 6245 1241 6268 d

978 6264 1034 6294 Les
1061 6252 1283 6291 commissions
1310 6261 1351 6290 de
1378 6262 1521 6291 remonte
1549 6261 1702 6289 fonction-

942 6302 1019 6327 nent
1036 6297 1232 6327 activement.
1254 6298 1337 6324 Tous
1354 6298 1401 6326 les
1421 6298 1560 6325 chevaux
1580 6297 1635 6324 ont
1654 6295 1702 6324 été

946 6335 1195 6371 réquisitionnés.
1226 6333 1284 6361 Les
1314 6332 1524 6363 automobiles
1549 6333 1625 6361 l'ont
1654 6332 1702 6359 été

946 6369 1126 6406 également.
1148 6369 1209 6397 Lea
1232 6367 1416 6397 chauffeurs
1437 6368 1544 6403 belges
1565 6369 1602 6397 de
1625 6368 1701 6402 tiaxi-

946 6405 1035 6434 autos
1054 6407 1109 6433 ont
1129 6404 1175 6432 été
1194 6404 1280 6440 priés
1300 6403 1337 6432 de
1356 6403 1393 6432 se
1409 6403 1496 6435 tenir
1514 6403 1532 6435 à
1550 6403 1585 6435 la
1600 6403 1701 6439 dispo-

946 6441 1036 6477 sition
1057 6441 1111 6469 des
1130 6441 1283 6474 autorités
1301 6435 1536 6468 militaires.

975 6477 1019 6509 Le
1048 6475 1208 6504 ministère
1236 6477 1274 6503 de
1302 6475 1332 6502 la
1360 6482 1474 6509 guerre
1501 6484 1520 6504 a
1546 6474 1701 6509 demandé

950 6506 1008 6541 aux
1024 6511 1184 6546 journaux
1204 6510 1240 6539 de
1260 6509 1298 6545 ne
1317 6509 1392 6545 plus
1410 6510 1542 6544 publier,
1562 6511 1581 6538 à
1600 6512 1701 6547 parttr

950 6545 1200 6583 d'aujourd'hui,
1218 6545 1254 6583 &s
1281 6545 1553 6581 renseignements
1574 6553 1632 6576 sur
1656 6546 1702 6575 les

950 6583 1158 6614 ffiouveiiieirts
1178 6582 1219 6610 de
1240 6583 1376 6617 troupes

980 6619 1006 6647 A
1029 6617 1200 6651 Bruxelles,
1228 6617 1260 6645 la
1286 6619 1383 6652 poste,
1410 6618 1440 6645 le
1466 6616 1648 6653 télégraphe
1673 6621 1700 6647 et

949 6655 990 6687 les
1009 6653 1171 6689 magasins
1190 6655 1245 6682 ont
1262 6653 1372 6682 refusé
1391 6653 1428 6682 du
1446 6655 1628 6684 numéraire
1645 6661 1702 6682 sur

950 6690 989 6718 ho
1009 6690 1111 6717 billets
1130 6689 1168 6718 de
1186 6691 1318 6724 banque.
1342 6687 1379 6723 La
1398 6687 1545 6723 paniqiip
1562 6691 1610 6717 est
1630 6690 1702 6718 telle

950 6732 1004 6762 qie
1020 6724 1081 6751 l'on
1098 6724 1176 6753 vend
1196 6724 1254 6753 des
1270 6724 1374 6758 billets
1386 6724 1428 6754 de
1446 6723 1483 6762 20
1502 6723 1612 6762 francs
1631 6723 1704 6762 pour

950 6758 969 6791 5
988 6758 1100 6791 francs
1119 6758 1157 6791 en
1176 6758 1363 6791 numéraire.

978 6794 1018 6833 La
1038 6794 1157 6833 Banque
1177 6794 1355 6833 Nationale
1368 6796 1441 6832 paie
1460 6796 1479 6832 à
1489 6793 1637 6833 guichets
1649 6804 1702 6827 o»

1752 1106 1837 1135 verts
1850 1106 1885 1136 et
1903 1106 1938 1136 a.
1956 1106 2078 1136 annoncé
2092 1108 2140 1136 cet
2156 1105 2340 1142 après-midi
2356 1105 2389 1137 la
2404 1104 2514 1140 frappe

1750 1142 1789 1170 de
1806 1141 1841 1169 20
1860 1143 1999 1171 millions
2018 1144 2093 1171 d'or.
2117 1143 2184 1171 Elle
2202 1143 2292 1178 exige
2306 1142 2337 1170 le
2356 1143 2514 1178 paiement

1749 1184 1790 1206 en
1806 1178 1845 1207 or
1865 1178 1904 1207 de
1920 1186 1976 1208 ses
1989 1180 2081 1208 eHets
2097 1186 2157 1207 sur
2176 1179 2354 1214 l'étranger.

1809 1267 2201 1335 MQBIIISÂTIQHBI
2228 1268 2457 1337 HOLLANDE

1818 1386 2042 1429 Mobilisation
2061 1386 2210 1429 générale
2229 1386 2267 1429 en
2290 1394 2445 1423 Hollande

1781 1440 1825 1468 La
1847 1443 1944 1477 Haye,
1965 1444 1996 1472 31
2017 1444 2130 1479 juillet.
2200 1444 2250 1472 La
2269 1443 2355 1471 reine
2370 1451 2393 1471 a
2412 1441 2512 1477 signé,

1745 1477 1961 1512 aujourd'hui,
1982 1480 2003 1507 à
2022 1487 2084 1508 une
2102 1481 2201 1508 heure
2221 1482 2250 1508 et
2266 1478 2379 1512 demie,
2402 1485 2444 1506 un
2465 1479 2521 1506 dé-

1745 1513 1810 1539 cret
1826 1514 2009 1542 ordonnant
2025 1515 2056 1543 la
2073 1514 2290 1545 mobilisation
2305 1514 2477 1550 générale.

1748 1547 2028 1586 (L'Information.)

1874 1598 1940 1625 Une
1962 1599 2162 1628 déclaration
2185 1601 2222 1629 de
2246 1600 2279 1628 la
2302 1601 2387 1630 reine

1780 1645 1823 1673 La
1840 1646 1940 1681 Haye,
1958 1648 1988 1677 31
2006 1644 2147 1684 juillet.
2201 1644 2237 1684 La
2250 1648 2336 1677 reine
2350 1656 2371 1677 a
2386 1643 2511 1676 déclaré

1744 1681 1818 1717 qu'fil
1842 1682 1941 1712 existe
1964 1691 2044 1719 pour
2066 1684 2111 1712 les
2136 1684 2306 1720 Pays-Bas,
2332 1684 2454 1720 danger
2474 1683 2512 1711 de

1744 1724 1867 1752 guerre,
1888 1720 1917 1746 et
1934 1727 1993 1754 que
2012 1717 2052 1750 la
2072 1717 2210 1750 Chambre
2230 1717 2309 1750 sera
2324 1719 2509 1754 convoquée.

1874 1766 2086 1797 Convocation
2112 1771 2150 1798 de
2174 1771 2206 1799 la
2232 1770 2387 1798 Chambre

1780 1815 1823 1844 La
1848 1818 1881 1852 Ha
1898 1818 1947 1852 ye,
1970 1818 2000 1846 31
2024 1818 2138 1853 juillet.
2221 1819 2264 1846 La
2289 1818 2444 1847 Chambre
2466 1819 2511 1847 est

1742 1852 1924 1888 convoquée
1938 1861 2019 1888 pour
2034 1855 2063 1882 le
2077 1855 2093 1884 3
2106 1855 2184 1883 août
2200 1854 2281 1883 dans
2296 1852 2509 1890 l'après-midi.

1744 1937 1797 2005 LE
1818 1938 2046 1997 PQRîOOâL
2064 1940 2276 1998 MOBILISE

2140 2021 2291 2084 10.080
2321 2023 2508 2083 HOMMES

1778 2144 1945 2181 Lisbonne,
1962 2145 1998 2174 30
2014 2146 2126 2182 juillet.
2198 2148 2249 2176 Au
2266 2154 2360 2176 cours
2378 2148 2419 2176 du
2438 2154 2505 2175 con-

1742 2182 1798 2209 seil
1820 2183 1874 2210 des
1894 2183 2067 2216 ministres,
2090 2184 2121 2212 la
2142 2184 2294 2212 situation
2317 2183 2455 2219 actuelle
2473 2183 2508 2219 de

1742 2217 1889 2252 l'Europe
1910 2226 1930 2246 a
1954 2219 2002 2247 été
2024 2218 2194 2247 examinée.
2222 2220 2263 2248 Le
2286 2216 2434 2248 ministre
2453 2216 2509 2248 dés

1742 2253 1876 2282 affaires
1897 2255 2081 2290 étrangères
2101 2265 2120 2284 a
2141 2257 2217 2289 reçu
2236 2257 2368 2289 mission
2389 2256 2506 2290 d'expo-

1742 2296 1793 2316 ser
1810 2297 1873 2317 aux
1894 2290 1982 2319 chefs
2002 2292 2056 2320 des
2076 2293 2179 2327 partis
2198 2293 2369 2327 politiques
2388 2292 2419 2319 la
2438 2297 2507 2325 gra-

1742 2325 1804 2353 vité
1826 2326 1864 2354 de
1885 2326 1916 2354 la
1938 2328 2092 2357 situation
2110 2328 2145 2357 et
2167 2330 2186 2357 à
2206 2328 2278 2363 quel
2301 2326 2389 2362 point
2412 2326 2507 2355 serait

1741 2363 1964 2394 actuellement
1990 2365 2222 2398 préjudiciable
2248 2365 2333 2391 toute
2360 2360 2505 2391 intransi-

1741 2405 1859 2433 geance
1876 2400 1914 2427 de
1930 2400 1961 2427 la
1978 2401 2050 2434 part
2066 2401 2120 2427 des
2137 2401 2246 2434 partis.

1778 2434 1819 2463 Le
1841 2435 1972 2469 journal
1998 2435 2089 2464 Noite
2138 2436 2185 2464 dit
2230 2437 2322 2471 qu'en
2349 2437 2438 2465 vertu
2464 2436 2502 2464 du

1740 2471 1836 2499 traité
1866 2469 2032 2499 d'alliance
2062 2480 2136 2501 avec
2166 2473 2381 2507 l'Angleterre,
2412 2470 2504 2499 10.000

1742 2507 1914 2543 Portugais
1942 2508 2082 2538 seraient
2110 2509 2282 2541 mobilisés,
2312 2515 2355 2537 au
2383 2514 2439 2543 cas
2465 2507 2504 2536 où

1741 2545 1821 2577 cette
1838 2544 1944 2572 nation
1962 2544 2068 2572 ferait
2086 2545 2117 2573 la
2137 2551 2260 2580 guerre.

1775 2637 1878 2695 Dans
1916 2638 1978 2696 les
2013 2639 2190 2696 Bourses
2229 2639 2472 2705 étrangères

1897 2766 1938 2794 Le
1956 2766 2049 2794 Stock
2070 2767 2238 2800 Exchange
2254 2766 2353 2795 fermé

1774 2811 1913 2840 Londres,
1946 2814 1978 2842 31
1998 2814 2137 2849 juillet.
2191 2815 2278 2842 Pour
2298 2815 2329 2842 la
2350 2812 2506 2848 première

1740 2847 1800 2874 fois
1818 2847 1899 2876 dans
1914 2835 1960 2876 les
1977 2850 2112 2877 annales
2126 2850 2166 2877 de
2182 2850 2335 2877 l'histoire
2352 2850 2394 2876 du
2412 2848 2503 2876 Stock

1740 2882 1919 2918 Exchange,
1944 2884 2065 2913 celtii-ci
2089 2893 2108 2912 a
2130 2885 2177 2912 été
2200 2885 2298 2912 fermé
2321 2892 2381 2919 par
2402 2884 2429 2911 le
2451 2883 2505 2911 Co-

1742 2917 1825 2952 mité,
1852 2919 1872 2946 à
1892 2919 1950 2946 dix
1974 2919 2099 2954 heures,
2124 2927 2159 2948 ce
2185 2921 2296 2953 matin,
2324 2922 2355 2948 et
2378 2917 2504 2955 jusqu'à

1740 2954 1851 2982 nouvel
1877 2955 1978 2983 ordre.

1774 2990 1859 3018 Voici
1882 2991 1972 3019 l'avis
1992 2992 2105 3020 officiel
2126 2990 2240 3020 affiché
2260 3000 2298 3020 en
2321 2991 2431 3019 Bourse

1766 3039 1804 3064 Le
1826 3038 1937 3064 Comité
1958 3039 1997 3065 du
2018 3040 2106 3066 Stock
2129 3040 2287 3072 Exchange
2308 3039 2326 3066 a
2344 3039 2448 3066 décidé
2468 3038 2504 3064 de

1738 3069 1846 3094 fermer
1886 3070 2139 3096 immédiatement
2165 3071 2192 3096 le
2218 3071 2305 3096 Stock
2348 3067 2504 3100 Exchange

1733 3100 1853 3130 jusqu'à
1874 3101 1982 3125 nouvel
2005 3101 2078 3126 avis.
2102 3102 2164 3126 Une
2187 3103 2255 3126 note
2277 3100 2415 3127 officielle
2437 3105 2503 3126 sera

1737 3129 1853 3160 publiée
1870 3129 1904 3160 la
1922 3131 2009 3157 veille
2028 3131 2068 3157 du
2086 3132 2155 3162 jour
2174 3132 2211 3157 où
2232 3132 2263 3157 la
2282 3132 2394 3157 Bourse
2413 3130 2503 3156 devra

1734 3160 1796 3186 être
1816 3162 1960 3187 rouverte.
2518 3156 2524 3200 j

1773 3205 1900 3232 D'autre
1924 3206 2006 3240 part,
2030 3205 2061 3233 le
2082 3205 2178 3233 Stock
2201 3205 2371 3241 Exchange
2394 3204 2432 3233 de
2454 3205 2501 3233 Li-

1738 3240 1864 3275 verpool
1896 3247 1914 3268 a
1945 3240 1992 3268 été
2040 3241 2219 3276 également
2248 3241 2346 3269 fermé
2374 3240 2501 3276 jusqu'à

1737 3276 1849 3303 nouvel
1876 3276 1955 3304 avis.

1770 3310 1828 3338 Les
1846 3311 1983 3339 Bourses
2000 3311 2039 3340 de
2056 3311 2212 3347 Glasgow,
2232 3310 2456 3347 d'Edimbourg
2472 3312 2502 3339 et

1736 3346 1773 3373 de
1817 3347 2018 3375 Manchester
2044 3349 2103 3378 ont
2124 3348 2172 3376 été
2198 3348 2331 3376 fermées
2374 3348 2501 3383 aujour-

1734 3381 1830 3410 d'hui.

1926 3417 1978 3452 En
2004 3417 2288 3452 Alleimfër.s
2412 3418 2525 3452 r

1766 3464 1886 3499 Berlin
1910 3465 1943 3493 31
1968 3465 2081 3500 juillet.
2165 3466 2206 3492 Le
2230 3461 2386 3499 Syndicat
2406 3461 2445 3499 de
2466 3463 2501 3491 là
2516 3453 2522 3493 I

1732 3499 1853 3529 Bourse
1881 3500 1935 3528 des
1962 3501 2090 3528 valeurs
2118 3507 2138 3527 a
2166 3500 2307 3528 ordonné
2334 3498 2501 3527 d'annuler

1731 3535 1835 3564 toutes
1861 3537 1906 3564 les
1932 3537 2089 3564 cotations
2116 3536 2156 3566 de
2176 3536 2295 3566 cours.
2315 3536 2355 3566 La
2381 3535 2500 3564 Bourse

1730 3572 1814 3599 reste
1837 3573 1964 3599 ouverte
1986 3572 2114 3607 jusqu'à
2136 3571 2248 3599 nouvel
2273 3571 2373 3600 ordre.
2400 3571 2433 3605 Il
2450 3571 2499 3605 n'y

1730 3614 1751 3634 a
1766 3614 1825 3641 pas
1842 3607 2011 3636 d'affaires.
2029 3609 2055 3635 A
2070 3607 2103 3634 la
2121 3608 2241 3635 Bourse
2258 3607 2298 3634 du
2317 3613 2497 3639 commerce,

1730 3641 1775 3670 les
1798 3643 1928 3671 affaires
1949 3650 1983 3670 se
2005 3643 2073 3671 font
2094 3650 2214 3671 comme
2237 3642 2495 3679 précédemment.

1766 3690 1884 3725 Berlin,
1909 3690 1941 3719 31
1966 3690 2079 3726 juillet.
2162 3690 2206 3718 Le
2230 3690 2383 3725 Syndicat
2406 3689 2444 3717 de
2468 3689 2499 3716 la

1732 3725 1851 3753 Bourse
1881 3725 1922 3753 du
1965 3733 2138 3754 commerce
2168 3733 2180 3757 a
2217 3726 2325 3753 décidé
2366 3731 2423 3759 que
2453 3725 2499 3752 les

1730 3767 1823 3788 cours
1843 3761 1897 3789 des
1917 3761 2160 3789 marchandises
2180 3760 2375 3795 disponibles
2392 3760 2499 3788 seront

1730 3795 1816 3824 seuls
1838 3796 1922 3825 cotés
1944 3796 2070 3827 demain
2094 3797 2125 3825 et
2148 3803 2207 3831 que
2230 3795 2260 3823 la
2284 3796 2420 3828 cotation
2444 3795 2498 3823 des

1730 3833 1861 3860 affaires
1881 3833 1899 3861 à
1918 3833 2017 3860 terme
2034 3839 2107 3860 sera
2125 3832 2315 3868 supprimée.
2336 3832 2380 3860 La
2398 3831 2498 3860 même

1730 3867 1871 3896 décision
1890 3875 1910 3895 a
1929 3868 1980 3903 été
1997 3868 2082 3903 prise
2098 3874 2158 3903 par
2171 3867 2204 3895 le
2224 3867 2338 3900 comité
2354 3867 2396 3899 du.
2416 3874 2498 3895 mar-

1730 3902 1787 3930 ché
1810 3903 1853 3931 du
1877 3903 1987 3933 matin.
2114 3909 2122 3927 ¡

2010 3947 2056 3976 En
2085 3947 2197 3977 Russie

1766 3991 1895 4028 Odessa,
1917 3995 1952 4024 30
1973 3995 2085 4030 juillet.
2160 3994 2210 4022 La
2230 3995 2351 4024 Bourse
2372 3994 2425 4023 des
2446 4001 2497 4023 va-

1733 4029 1818 4057 leurs
1837 4032 1883 4057 est
1904 4030 2020 4058 fermée
2040 4038 2120 4065 pour
2138 4030 2221 4065 trois
2238 4030 2338 4065 jours.
2357 4030 2397 4059 Le
2416 4037 2498 4058 mar-

1732 4065 1789 4093 ché
1806 4063 1860 4093 des
1874 4065 2015 4095 céréales
2032 4066 2191 4095 continue.

2005 4115 2053 4142 En
2072 4113 2228 4145 Hollande

1766 4162 1978 4198 Amsterdam,
2001 4162 2036 4190 30
2060 4162 2172 4196 juillet.
2254 4165 2281 4193 A
2302 4162 2335 4192 la
2356 4163 2438 4192 suite
2460 4161 2497 4190 de

1733 4197 1888 4226 l'attitude
1920 4198 1993 4225 d'un
2025 4197 2146 4225 certain
2175 4199 2307 4227 nombre
2338 4198 2375 4226 de
2404 4204 2497 4226 mem-

1732 4233 1803 4261 bres
1829 4233 1869 4262 de
1892 4233 1924 4262 la
1950 4232 2071 4261 Bourse
2098 4233 2152 4261 des
2177 4233 2271 4261 fonds
2297 4234 2426 4269 publics,
2453 4240 2496 4261 un

1733 4268 1886 4303 Syndicat
1913 4269 1950 4297 de
1978 4269 2150 4304 banquiers
2176 4269 2229 4304 qui
2258 4270 2362 4299 s'était
2386 4271 2495 4302 formé,

1733 4311 1808 4331 avec
1829 4305 1867 4339 un
1886 4305 2017 4339 capital
2038 4303 2076 4332 de
2097 4305 2132 4332 25
2152 4304 2303 4337 millions,
2328 4313 2347 4332 a
2369 4306 2415 4332 été
2437 4304 2496 4332 dis-

1730 4346 1814 4367 sous.

1774 4375 1838 4405 Une
1869 4375 2016 4404 nouvelle
2052 4374 2185 4403 réunion
2222 4375 2277 4404 des
2310 4375 2497 4411 principaux

1732 4408 1904 4445 banquiers
1925 4418 1945 4438 a
1966 4418 2002 4439 eu
2026 4410 2088 4443 lieu
2112 4411 2131 4439 à
2151 4411 2184 4438 la
2205 4411 2336 4446 Banque
2356 4407 2496 4443 néerlan-

1732 4444 1830 4479 daise,
1850 4453 1889 4473 en
1909 4446 2058 4481 présence
2074 4446 2131 4474 des
2146 4446 2309 4474 ministres
2326 4445 2378 4482 des
2396 4445 2499 4482 finan-

1732 4482 1782 4509 ces
1799 4482 1833 4509 et
1850 4481 1887 4509 de
1906 4480 2133 4516 l'agriculture.

1767 4515 1825 4544 Les
1852 4516 2024 4551 banquiers
2052 4518 2081 4545 et
2108 4516 2154 4545 les
2180 4517 2342 4546 ministres
2366 4525 2400 4548 se
2426 4519 2497 4547 sont

1733 4551 1851 4579 rendus
1873 4552 1893 4580 à
1916 4552 1947 4579 la
1974 4552 2055 4586 Haye
2076 4552 2157 4586 pour
2178 4552 2339 4586 conférer
2356 4549 2428 4583 avec
2452 4553 2498 4581 les

1733 4587 1841 4615 autres
1858 4587 2020 4615 ministres
2036 4594 2094 4614 sur
2108 4588 2154 4615 les
2170 4595 2313 4616 mesures
2330 4590 2349 4618 à
2365 4589 2497 4624 prendre

1733 4629 1774 4649 en
1790 4620 1848 4652 vue
1868 4620 2080 4652 d'amoindrir
2097 4622 2128 4649 la
2148 4622 2230 4655 crise
2247 4622 2427 4655 financière.

2009 4678 2055 4706 En
2082 4679 2232 4712 Belgique

1770 4727 1941 4761 Bruxelles,
1968 4727 1999 4757 31
2026 4726 2139 4762 juillet.
2224 4729 2253 4756 A
2276 4728 2294 4757 3
2317 4728 2430 4762 heures
2464 4727 2497 4756 la

1734 4764 1865 4799 Banque
1892 4762 2062 4791 Nationale
2088 4771 2107 4791 a
2133 4763 2231 4792 fermé
2268 4770 2319 4792 ses
2356 4748 2498 4798 guichets

1734 4806 1815 4834 pour
1834 4798 2049 4832 aujourd'hui.
2074 4799 2143 4826 Une
2166 4798 2250 4826 foule
2272 4799 2496 4833 considérable,

1734 4834 1787 4868 qui
1808 4832 1919 4861 faisait
1936 4841 2039 4868 queue
2058 4832 2170 4867 depuis
2189 4832 2227 4867 ce
2242 4834 2341 4862 matin
2361 4834 2420 4862 sur
2436 4840 2497 4861 une

1733 4869 1892 4904 longueur
1908 4868 1946 4896 de
1964 4869 2123 4903 plusieurs
2140 4867 2305 4896 centaines
2320 4869 2358 4897 de
2374 4870 2496 4902 mètres,

1734 4912 1753 4932 a
1782 4904 1950 4932 manifesté
1978 4911 2036 4931 son
2065 4903 2348 4932 mécontentement
2386 4905 2416 4932 et
2454 4903 2499 4931 les

1734 4939 1934 4976 gendarmes,
1958 4939 2158 4966 baïonnettes
2180 4946 2221 4967 au
2244 4946 2357 4972 canon,
2381 4940 2434 4967 ont
2454 4939 2496 4967 dû

1736 4975 1918 5007 intervenir,
1936 4980 2017 5009 pour
2032 4975 2113 5003 faire
2129 4975 2263 5003 évacuer
2277 4975 2322 5003 les
2338 4975 2498 5003 alentours

1736 5010 1773 5038 de
1788 5011 1819 5038 la
1836 5011 1974 5045 Banque.
2012 5005 2024 5017 `

1770 5046 1814 5075 La
1832 5047 1952 5075 Bourse
1966 5053 1987 5074 a
2004 5045 2052 5074 été
2069 5045 2186 5074 fermée
2198 5044 2410 5081 aujourd'hui
2432 5045 2498 5075 Elle

1736 5088 1805 5109 sera
1826 5080 1944 5109 fermée
1965 5081 2102 5109 demain.
2125 5081 2168 5109 La
2190 5081 2378 5116 liquidation
2398 5080 2435 5111 de
2454 5079 2496 5108 fin

1736 5117 1839 5151 juillet
1862 5116 1909 5144 est
1930 5117 2073 5150 reportée
2096 5123 2137 5143 au
2160 5117 2192 5144 14
2214 5117 2302 5150 août,
2324 5118 2396 5145 sauf
2416 5116 2497 5145 amé-

1737 5152 1886 5179 lioration
1908 5150 1947 5179 de
1966 5151 1997 5179 ta
2015 5151 2169 5179 situation
2190 5150 2462 5181 internationale.

1739 5187 1987 5222 (L'Information.
2004 5187 2021 5222 )

1998 5228 2043 5262 En
2072 5236 2247 5264 Roumanié

1774 5284 1937 5318 Bucarest,
1954 5283 1990 5313 30
2006 5283 2119 5318 juillet.
2188 5284 2237 5312 La
2254 5285 2385 5319 Banque
2401 5279 2499 5312 natio-

1736 5318 1828 5351 n'ale
1847 5318 1993 5351 roumaine
2006 5326 2024 5346 a
2040 5318 2125 5347 élevé
2138 5319 2168 5347 le
2183 5320 2258 5347 taux
2273 5319 2311 5347 de
2325 5320 2500 5355 l'escompte

1738 5357 1757 5384 à
1777 5356 1795 5385 6
1858 5356 1900 5391 et
1918 5355 1947 5383 le
1966 5355 2042 5383 taux
2062 5354 2119 5383 des
2138 5361 2274 5384 avances
2294 5361 2353 5384 sur
2369 5355 2458 5384 titres
2479 5356 2498 5385 à

1737 5391 1878 5443 1%.

1766 5480 1842 5542 AU
1878 5479 2065 5547 CONSEIL
2101 5483 2185 5542 DES
2218 5481 2451 5545 MINISTRES

1754 5625 1826 5654 Les
1854 5623 2048 5658 Ministres
2070 5636 2113 5657 se
2136 5631 2225 5657 sont
2246 5626 2376 5658 réunis
2396 5628 2479 5657 hier

2015 5673 2041 5702 à
2064 5671 2223 5706 l'Elysée

1774 5728 1820 5756 Ils
1841 5728 1895 5757 ont
1917 5729 1992 5756 tenu
2014 5726 2094 5757 dans
2114 5728 2330 5765 l'après-midi,
2352 5735 2373 5762 à
2393 5731 2411 5759 4
2429 5731 2501 5759 heu-

1742 5764 1846 5796 res,
1870 5763 1883 5797 à
1896 5763 2013 5797 l'EJysée.
2036 5769 2081 5790 un
2105 5765 2218 5793 conseil
2242 5766 2500 5798 extraordinaire,

1742 5806 1817 5827 sous
1838 5799 1869 5826 la
1890 5799 2073 5834 présidence
2094 5797 2132 5824 de
2154 5801 2190 5829 M.
2214 5802 2377 5832 Poincaré.

1778 5834 1819 5862 Us
1838 5840 1871 5862 se
1890 5834 1963 5862 sont
1982 5832 2116 5868 occupés
2135 5831 2186 5865 des
2203 5831 2337 5865 affaires
2354 5836 2501 5867 extérieu-

1742 5869 1813 5900 res.
1831 5869 1867 5900 Le
1886 5870 2143 5904 gouvernement,
2165 5876 2203 5897 en
2225 5872 2383 5901 attendant
2401 5872 2437 5901 le
2457 5873 2501 5901 ré-

1741 5906 1840 5933 sultat
1865 5904 1919 5932 des
1946 5903 2163 5937 négociations
2186 5904 2427 5941 diplomatiques
2452 5912 2501 5936 cij'-

1741 5941 1866 5974 gagées,
1889 5939 2037 5967 continue
2058 5940 2077 5967 à
2097 5939 2232 5974 prendre
2254 5941 2356 5969 toutes
2377 5943 2500 5971 les-me-

1741 5981 1831 6003 sures
1856 5974 2064 6009 nécessaires
2083 5974 2159 6009 pour
2178 5974 2311 6009 assurer
2332 5976 2363 6006 la
2387 5979 2502 6013 protec-

1741 6011 1808 6040 tion
1828 6009 1866 6038 de
1886 6017 1943 6038 nos
1962 6009 2139 6040 frontières.

1806 6068 2059 6101 question
2091 6068 2186 6101 des
2210 6069 2442 6101 échéances

1776 6126 1818 6154 Le
1843 6125 1966 6154 Conseil
1993 6123 2048 6152 des
2073 6124 2243 6159 ministres,
2269 6124 2350 6154 dans
2374 6134 2409 6156 sa
2433 6129 2502 6157 réu-

1741 6161 1816 6189 nion
1838 6161 1876 6189 de
1898 6159 2024 6188 demain
2046 6156 2227 6196 s'occupera
2246 6160 2284 6190 de
2306 6162 2338 6190 la
2357 6165 2500 6199 question

1742 6196 1780 6226 de
1802 6196 1839 6233 la
1858 6196 2061 6233 prorogation
2084 6195 2137 6224 des
2161 6195 2338 6227 échéances.

1742 6278 1856 6372 Trois
1879 6278 2038 6372 Décrets
2061 6278 2220 6372 o_été
2243 6278 2334 6372 pris
2357 6278 2403 6372 ir
2426 6287 2500 6361 soir

1780 6419 1822 6447 Le
1840 6418 1962 6448 Conseil
1984 6417 2038 6446 des
2058 6417 2221 6446 ministres
2240 6425 2260 6446 a
2278 6419 2342 6455 pris
2359 6420 2406 6450 les
2425 6420 2503 6451 trois

1742 6454 1865 6483 décrets
1884 6454 2022 6481 suivants

1780 6502 1810 6529 1°
1829 6501 2037 6535 Prorogation
2054 6499 2111 6527 des
2126 6500 2246 6535 protêts
2258 6502 2293 6531 et
2311 6502 2364 6531 des
2382 6502 2504 6531 échéan-

1741 6545 1795 6565 ces
1814 6536 1966 6572 jusqu'au
1985 6535 2016 6563 31
2038 6536 2123 6562 août.
2519 6538 2526 6578 j

1776 6570 1809 6600 2°
1833 6570 2030 6599 Prohibition
2054 6569 2092 6597 de
2112 6570 2142 6599 la
2165 6572 2262 6601 sortie
2282 6571 2337 6601 des
2356 6571 2502 6601 farineux

1745 6611 1773 6635 et
1792 6608 1847 6636 des
1862 6605 2006 6642 produits
2024 6605 2132 6642 divers
2149 6605 2185 6634 du
2203 6605 2256 6634 ao4
2272 6608 2305 6635 et
2321 6608 2354 6636 de
2371 6608 2503 6636 l'indus-

1744 6643 1812 6671 trie.

1777 6677 1810 6705 3°
1833 6676 1930 6704 Levée
1950 6674 2002 6704 àes
2020 6674 2123 6704 droits
2141 6674 2278 6704 relatifs
2294 6675 2312 6705 à
2334 6676 2505 6711 l'importa-

1743 6710 1814 6740 tion
1832 6710 1868 6740 de
1884 6709 1917 6739 la
1934 6709 2047 6739 farine.

1778 6758 1821 6787 Le
1842 6757 1960 6786 conseil
1985 6764 2018 6785 se
2045 6757 2174 6787 réunira
2197 6758 2328 6792 d«mqiT>
2347 6758 2459 6792 matin,
2483 6758 2504 6786 à

1725 6793 1740 6829 1
1755 6793 1829 6829 tatnH
1844 6793 1947 6829 feBuxes
1962 6792 2001 6828 et
2021 6792 2118 6828 demie
2510 6790 2526 6827 `i

2566 446 2780 572 La
2846 448 3263 572 Mort
3326 454 3528 574 de
3590 460 4146 582 Jaurès

2560 694 2665 770 AUX
2694 696 3014 778 CAMARADES

2926 804 3032 880 AUX
3070 804 3330 880 OUVRIERS

2594 942 2799 981 Camarades,
2821 947 2913 981 amis,
2934 949 3048 984 peuple
3068 943 3197 977 ouvrier
3216 943 3253 977 de
3272 948 3330 977 Pa-

2558 983 2603 1005 ns
2618 980 2694 1014 qu'il
2713 983 2919 1017 comprenait,
2936 986 3012 1020 qu'il
3030 984 3153 1018 aimait,
3173 984 3236 1017 oui,
3254 984 3330 1012 c'est

2558 1013 2637 1049 vrai,
2665 1016 2786 1052 Jaurès,
2814 1020 2905 1047 notre
2930 1019 3033 1055 grand
3061 1025 3091 1050 et
3117 1020 3176 1047 bon
3203 1018 3326 1055 Jaurès,

2556 1049 2680 1083 Jaurès,
2701 1056 2792 1082 notre
2811 1055 2887 1089 ami,
2908 1056 3000 1084 notre
3020 1056 3125 1091 guide,
3146 1055 3261 1084 Jaurès
3280 1058 3328 1085 est

2556 1086 2639 1113 mort

2592 1121 2674 1150 C'est
2692 1122 2762 1153 vers
2780 1133 2860 1155 vous
2878 1133 2939 1161 que
2958 1134 3040 1155 nous
3058 1135 3140 1156 nous
3158 1129 3325 1160 tournons,

2556 1156 2643 1191 c'est
2661 1156 2730 1191 avec
2750 1169 2827 1190 vous
2849 1168 2909 1197 que
2929 1168 3011 1190 nous
3033 1162 3167 1192 voulons
3188 1164 3324 1199 pleurer,

2554 1194 2629 1222 c'est
2650 1201 2728 1223 vous
2748 1199 2800 1232 qui
2822 1193 3047 1233 comprendrez
3067 1200 3154 1228 toute
3174 1195 3327 1228 l'immen-

2555 1229 2614 1257 sité
2634 1227 2672 1262 de
2691 1227 2785 1262 notre
2802 1236 2905 1269 peine,
2928 1234 2958 1261 la
2981 1236 3076 1263 vôtre.

2588 1266 2681 1302 Mort,
2700 1270 2782 1297 mort
2794 1272 2815 1299 à
2833 1267 2954 1298 l'heure
2972 1267 3007 1298 où
3024 1272 3096 1298 tous
3110 1270 3271 1299 sentaient
3289 1270 3325 1299 en

2545 1300 2597 1329 -lui
2614 1302 2687 1336 plus
2702 1308 2763 1339 que
2777 1305 2896 1339 jamais
2913 1311 2975 1333 une
2989 1303 3168 1334 admirable
3185 1307 3270 1336 force
3286 1304 3325 1334 de

2553 1337 2629 1370 paix
2650 1338 2929 1371 internationale
2951 1341 3034 1369 Mort
3056 1340 3075 1371 à
3094 1340 3223 1371 l'heure
3242 1340 3279 1371 où
3302 1341 3323 1368 il

2554 1372 2645 1400 allait
2665 1375 2757 1408 jouer
2777 1375 2859 1404 dans
2882 1376 3034 1406 l'histoire
3057 1383 3137 1411 pour
3160 1378 3324 1405 l'Interna-

2554 1409 2672 1436 tionaLe
2690 1409 2827 1439 civilisée
2845 1413 2874 1440 et
2891 1419 2968 1448 pour
2988 1419 3027 1448 sa
3042 1412 3154 1447 patrie,
3174 1413 3203 1441 Le
3219 1411 3323 1448 grand

2554 1445 2618 1471 rôle
2634 1446 2751 1480 auquel
2768 1446 2836 1474 tant
2854 1448 3004 1476 d'années
3022 1447 3059 1476 de
3076 1448 3181 1482 génial
3198 1448 3321 1480 labeur,

2553 1479 2733 1515 d'héroïque
2750 1481 2880 1511 bataille
2897 1486 2927 1511 et
2944 1483 3175 1518 d'expériences
3193 1483 3323 1513 doulou-

2553 1521 2659 1543 reuses
2674 1515 2701 1544 1
2718 1517 2876 1548 destinait.
2894 1520 2988 1553 Mort,
3006 1518 3184 1547 lâchement
3198 1518 3321 1554 frappé,

2554 1550 2679 1578 victime
2706 1552 2744 1581 de
2773 1555 2823 1581 ces
2852 1553 2954 1583 forces
2982 1554 3019 1583 de
3038 1554 3201 1583 brutalité
3226 1556 3257 1583 et
3284 1555 3321 1583 de

2552 1587 2751 1623 sauvagerie,
2765 1588 2838 1624 qu'il
2864 1589 3009 1624 haïssait,
3033 1589 3124 1625 qu'il
3143 1589 3324 1625 combattait

2551 1628 2629 1650 sans
2650 1624 2744 1651 merci
2766 1626 2796 1653 et
2817 1624 2894 1653 dont
2916 1626 2936 1652 il
2958 1626 3098 1660 espérait
3117 1626 3216 1660 qu'un
3236 1626 3319 1660 jour
3312 1648 3319 1660 1

2553 1658 2646 1691 enfin,
2676 1658 2705 1685 la
2734 1659 2831 1687 claire
2860 1660 2967 1688 raison
2997 1660 3220 1697 triompherait
3248 1659 3320 1689 chez

2553 1692 2597 1721 les
2619 1693 2780 1723 individus
2802 1702 2922 1723 comme
2944 1697 3046 1730 parmi
3070 1697 3116 1725 les
3138 1696 3247 1725 foules.

2590 1730 2635 1757 Ah
2664 1730 2683 1765 1
2702 1730 2757 1765 que
2780 1734 2855 1761 tous
2874 1734 2930 1761 ces
2952 1734 3034 1761 mots
3060 1740 3140 1761 nous
3166 1731 3318 1762 semblent

2554 1765 2759 1799 insuffisants
2844 1768 2926 1797 Mais
2945 1768 2966 1795 il
2988 1769 3059 1796 faut
3077 1770 3185 1802 écrire,
3209 1768 3241 1797 il
3257 1768 3320 1797 faut

2554 1799 2591 1840 se
2610 1799 2720 1840 mettre
2739 1799 2776 1840 au
2795 1799 2941 1840 travail,
2960 1799 3234 1840 courageusement,
3246 1804 3330 1835 sim-

2554 1834 2691 1872 plement
2711 1847 2830 1869 comme
2853 1841 2873 1868 il
2894 1841 2922 1868 le
2945 1840 3074 1872 voulait,
3097 1848 3216 1869 comme
3237 1841 3258 1869 il
3277 1848 3316 1870 en
3346 1821 3362 1870 :I

2550 1873 2683 1903 donnait
2712 1876 2879 1911 l'exemple.
2912 1876 3062 1911 Exténué,
3093 1876 3235 1910 harassé,
3274 1884 3318 1904 se-

2552 1911 2628 1938 coué
2649 1910 2704 1938 des
2728 1912 2800 1945 plus
2822 1912 2984 1945 violentes
3002 1912 3164 1945 émotions,
3188 1913 3317 1941 enthou-

2553 1946 2658 1974 siaste
2676 1946 2711 1974 ou
2734 1948 2863 1981 inquiet,
2890 1949 2909 1975 il
2933 1949 3109 1983 s'asseyait,
3133 1948 3153 1975 à
3174 1948 3259 1975 l'une
3280 1949 3318 1976 de

2550 1988 2602 2011 ces
2622 1982 2733 2017 tables,
2757 1990 2837 2018 pour
2858 1985 3024 2017 exprimer,
3048 1991 3129 2019 pour
3150 1990 3237 2016 vous,
3261 1984 3316 2012 lec-

2549 2018 2635 2047 teurs
2653 2018 2745 2053 amis,
2765 2025 2845 2053 pour
2864 2026 2941 2046 vous
2958 2018 3146 2047 camarades
3164 2018 3317 2051 ouvriers,

2550 2053 2577 2081 le
2606 2054 2776 2083 sentiment
2802 2062 2951 2083 commun
2981 2056 3184 2091 d'espérance
3210 2063 3250 2083 ou
3278 2055 3317 2083 de

2548 2089 2660 2122 colère,
2678 2098 2759 2125 pour
2774 2090 2897 2118 donner
2914 2091 2987 2119 dans
3006 2091 3061 2119 les
3073 2092 3187 2119 heures
3202 2098 3321 2128 graves

2550 2126 2577 2154 le
2596 2127 2713 2154 conseil
2732 2127 2867 2155 d'action
2886 2127 2920 2156 et
2937 2127 2971 2156 de
2989 2135 3117 2163 sagesse
3132 2129 3187 2163 qui
3205 2127 3318 2156 faisait

2550 2162 2587 2189 de
2606 2162 2650 2189 lui
2673 2165 2762 2190 notre
2781 2164 2875 2199 guide
2894 2165 2922 2192 si
2942 2165 3029 2191 avisé
3049 2167 3078 2192 et
3098 2165 3125 2191 si
3145 2165 3207 2191 sûr.

2584 2199 2630 2225 Au
2648 2198 2763 2224 travail
2784 2200 2797 2227 1
2810 2200 2836 2227 II
2853 2199 2881 2225 le
2898 2199 2977 2231 faut,
2998 2206 3078 2232 pour
3093 2205 3226 2225 assurer
3240 2205 3319 2225 sans

2549 2232 2603 2265 lui,
2625 2233 2653 2260 le
2672 2240 2759 2260 cœur
2778 2234 2873 2265 serré,
2896 2233 2941 2261 les
2962 2233 3222 2267 responsabilités
3238 2233 3316 2268 qu'il

2549 2276 2631 2296 nous
2658 2269 2782 2297 rendait
2800 2269 2836 2297 si
2862 2269 2989 2304 légères.
3021 2270 3047 2297 Il
3074 2270 3101 2297 le
3126 2270 3207 2302 faut,
3236 2277 3316 2304 pour

2550 2305 2615 2333 être
2630 2303 2745 2341 dignes
2765 2306 2802 2334 de
2821 2305 2876 2339 lui,
2898 2313 2979 2341 pour
2998 2305 3079 2334 faire
3100 2305 3193 2338 lever,
3214 2306 3315 2333 même

2549 2349 2586 2369 en
2608 2348 2658 2369 ces
2677 2339 2792 2371 heures
2813 2344 2962 2375 troubles,
2984 2343 3014 2370 la
3036 2348 3179 2371 semence
3198 2339 3274 2377 qu'il
3294 2351 3313 2370 a

2545 2377 2626 2413 jetée
2649 2378 2674 2404 si
2698 2379 2968 2412 généreusement,
3005 2378 3050 2405 si
3073 2378 3316 2405 abondamment

2549 2420 2608 2447 par
2636 2420 2679 2440 un
2709 2414 2855 2441 sacrifice
2881 2413 3045 2447 quotidien
3076 2414 3113 2441 de
3144 2414 3312 2448 lui-même,

2549 2449 2630 2476 dans
2653 2450 2721 2477 tout
2745 2450 2773 2477 le
2794 2449 2910 2477 monde
2933 2449 3067 2476 ouvrier.
3114 2449 3139 2475 Il
3181 2449 3208 2475 le
3232 2450 3312 2481 faut,

2546 2492 2626 2520 pour
2652 2492 2712 2520 que
2741 2485 2878 2513 l'œuvre
2906 2484 3174 2518 d'émancipation
3215 2483 3314 2518 prolé-

2545 2522 2692 2549 tarienne
2716 2519 2778 2548 soit
2802 2520 2986 2555 poursuivie
3009 2527 3089 2547 sans
3114 2520 3210 2552 trêve,
3236 2525 3315 2547 sans

2546 2555 2794 2585 défaillance.

2584 2588 2622 2619 Ce
2645 2592 2724 2619 n'est
2745 2598 2805 2627 pas
2826 2600 2861 2620 oe
2882 2592 2957 2625 soir,
2980 2592 3054 2620 c'est
3077 2589 3214 2625 demain,
3238 2593 3312 2619 c'est

2550 2628 2630 2655 dans
2645 2628 2718 2661 cinq
2734 2634 2804 2660 ans,
2821 2628 2897 2654 c'est
2913 2627 2995 2653 dans
3013 2627 3063 2653 dix
3082 2633 3150 2653 ans.
3168 2626 3250 2653 dans
3266 2626 3311 2654 les

2549 2663 2663 2693 heures
2682 2663 2833 2698 chargées
2854 2662 2893 2690 de
2914 2662 3100 2696 révolution,
3121 2669 3161 2689 ou
3182 2661 3265 2688 dans
3284 2661 3311 2688 le

2546 2698 2665 2727 travail
2688 2699 2729 2726 du
2753 2697 2944 2730 Parlement,
2969 2704 3028 2732 que
3049 2704 3132 2725 nous
3150 2697 3312 2728 sentirons

2546 2734 2576 2762 le
2597 2735 2667 2765 vide
2689 2734 2850 2764 immense.

2583 2770 2675 2799 Perte
2696 2777 2777 2804 pour
2798 2770 2890 2798 notre
2912 2769 3012 2804 Parti,
3034 2768 3108 2806 qu'il
3130 2769 3310 2797 conduisait
3356 2761 3362 2793 I

2548 2806 2567 2833 à
2590 2807 2693 2834 toutes
2717 2806 2761 2833 las
2786 2805 2933 2834 batailles
2958 2813 3033 2833 avec
3058 2812 3120 2832 une
3144 2805 3249 2832 sûreté
3273 2803 3310 2832 de
3354 2799 3362 2826 t

2546 2849 2641 2877 vues,
2660 2849 2736 2877 avec
2762 2848 2823 2869 une
2849 2837 3012 2869 certitude
3031 2837 3068 2869 de
3092 2841 3231 2875 tactique
3257 2841 3308 2875 qui
3356 2835 3362 2853 r

2548 2886 2629 2905 nous
2653 2877 2803 2912 imposait
2826 2877 2846 2905 à
2869 2878 2942 2905 tous
2966 2876 3161 2904 admiration
3186 2878 3216 2904 et
3240 2882 3309 2903 con-

2546 2914 2655 2942 fiance.

2582 2949 2675 2978 Perte
2706 2957 2787 2985 pour
2818 2951 2910 2977 notre
2942 2947 3081 2984 journal,
3116 2948 3191 2983 qu'il
3224 2948 3310 2977 avait

2546 2987 2625 3022 créé,
2650 2987 2826 3020 maintenu,
2850 2984 3032 3020 développé,
3057 2984 3144 3020 qu'il
3162 2984 3249 3020 avait
3269 2991 3309 3011 vu

2546 3022 2642 3057 enfin
2662 3022 2796 3057 grandir
2825 3027 2862 3048 en
2893 3020 2978 3049 force
3009 3022 3039 3049 et
3069 3027 3106 3048 en
3140 3020 3307 3053 influence,

2546 3059 2741 3094 conquérant
2758 3058 2788 3087 le
2805 3064 2893 3087 coeur
2910 3057 2942 3086 et
2958 3057 2990 3086 la
3006 3057 3115 3084 raison
3134 3056 3178 3085 du
3194 3054 3308 3091 peuple

2542 3094 2671 3123 ouvrier
2692 3094 2698 3121 1

2580 3131 2671 3158 Perte
2696 3131 2847 3158 immense
2870 3136 2951 3164 pour
2974 3129 3003 3157 le
3026 3128 3210 3156 Parlement
3233 3127 3307 3163 qu'il

2545 3167 2753 3195 ennoblissait
2776 3168 2805 3195 et
2826 3165 2979 3201 glorifiait
3002 3164 3017 3192 1
3032 3164 3061 3192 Il
3082 3164 3171 3192 avait
3189 3163 3308 3191 suscité
3356 3156 3362 3175 r

2544 3203 2651 3231 contre
2670 3203 2714 3230 lui
2737 3203 2793 3230 des
2812 3203 2924 3230 haines
2941 3207 3109 3234 sauvages,
3130 3200 3175 3227 les
3194 3199 3307 3226 haines

2544 3238 2716 3266 d'hommes
2736 3237 2789 3272 qui
2810 3244 2851 3265 ne
2868 3237 3106 3265 connaissaient
3126 3236 3163 3263 de
3182 3235 3229 3263 lui
3246 3241 3307 3269 que

2545 3275 2589 3302 les
2632 3274 2850 3302 abominables
2892 3272 3074 3299 calomnies,
3093 3270 3165 3298 dont
3183 3270 3219 3298 il
3260 3271 3307 3298 est

2544 3311 2632 3338 mort.
2661 3309 2742 3339 Mais
2765 3309 2869 3337 c'était
2894 3308 2949 3336 dès
2973 3308 3041 3335 hier
3065 3307 3138 3334 chez
3161 3307 3234 3334 tous
3256 3312 3307 3333 ses
3348 3300 3362 3319 't

2542 3346 2709 3381 collègues,
2737 3344 2881 3380 présents
2908 3344 2927 3371 à
2954 3344 3057 3371 Paris,
3086 3342 3197 3370 comme
3220 3342 3309 3370 chez

2541 3383 2614 3411 tous
2638 3383 2685 3410 les
2710 3380 2919 3416 journalistes
2944 3377 3217 3413 parlementaires,
3245 3383 3307 3404 une

2532 3415 2839 3445 consternation
2863 3415 3123 3445 -émouvante.

2579 3452 2669 3480 Perte
2689 3458 2769 3485 pour
2788 3450 2821 3477 la
2841 3449 2972 3483 France,
2994 3448 3057 3481 oui,
3078 3453 3160 3482 pour
3177 3447 3206 3474 le
3226 3452 3306 3481 pays

2541 3488 2615 3523 qu'il
2637 3486 2815 3519 chérissait,
2834 3492 2875 3513 en
2898 3484 3034 3519 patriote
3056 3480 3256 3517 clairvoyant
3277 3481 3305 3509 et
3352 3504 3362 3531 J

2542 3523 2658 3560 génial,
2678 3529 2758 3559 pour
2774 3522 2806 3549 le
2821 3528 2901 3556 pays
2918 3519 2995 3548 dont
3013 3519 3033 3547 'û
3052 3519 3166 3553 savait,
3186 3524 3306 3546 comme
3352 3522 3363 3531 °

2543 3560 2596 3588 nul
2620 3567 2660 3587 au
2683 3558 2806 3593 monde,
2829 3558 2967 3586 célébrer
2986 3556 3031 3585 les
3052 3555 3124 3591 plus
3145 3554 3255 3582 nobles
3277 3553 3306 3581 et

2543 3596 2586 3623 les
2608 3596 2679 3631 plus
2700 3595 2814 3622 hautes
2834 3593 3013 3621 traditions.
3038 3591 3078 3619 Ah
3137 3591 3162 3618 si
3184 3589 3236 3618 les
3254 3589 3306 3618 mi-
3354 3584 3362 3603 r

2542 3632 2681 3661 sérables
2701 3631 2753 3665 qui
2774 3629 2804 3658 le
2825 3626 3070 3664 poursuivaient
3089 3626 3127 3664 de
3144 3627 3214 3654 leur
3234 3628 3306 3657 ran-
3354 3612 3362 3638 1

2542 3676 2620 3697 cune
2660 3673 2810 3701 sauvage,
2834 3665 2984 3693 l'avaient
3004 3661 3144 3691 entendu
3185 3664 3219 3689 ce
3240 3660 3304 3689 soir

2542 3711 2654 3732 encore
2669 3702 2775 3738 piarler
2793 3701 2812 3729 a
2831 3701 2886 3729 des
2900 3699 3057 3727 membres
3074 3698 3116 3731 du
3134 3704 3305 3733 gouverne-
3350 3690 3362 3710 r

2541 3742 2627 3768 ment
2652 3739 2689 3767 de
2708 3739 2745 3767 la
2770 3736 2922 3773 politique
2948 3735 3119 3768 française,
3146 3734 3185 3762 de
3206 3739 3245 3762 sa
3270 3732 3304 3759 li-

2541 3776 2626 3805 berté
2646 3774 2793 3802 d'action,
2816 3779 2895 3807 pour
2916 3771 2949 3799 la
2970 3769 3043 3805 pais
3068 3769 3074 3800 I

2574 3812 2657 3840 Mais
2676 3811 2763 3847 perte
2782 3808 2870 3838 aussi
2889 3809 2921 3836 et
2940 3807 3067 3836 surtout
3086 3812 3166 3841 pour
3184 3803 3321 3833 l'Inter-
3350 3813 3363 3854 t

2539 3846 2702 3877 nationale
2718 3846 2845 3878 entière,
2862 3844 2940 3874 dont
2956 3843 2977 3871 il
2994 3844 3079 3871 était
3096 3844 3130 3871 un
3146 3841 3199 3869 des
3217 3841 3305 3869 chefs
3349 3862 3363 3889 t

2540 3886 2584 3913 les
2608 3882 2673 3919 plus
2690 3882 2771 3919 aimés
2826 3881 2939 3909 Ceux
2962 3879 3015 3915 qui
3041 3880 3097 3907 ont
3118 3885 3224 3906 connu
3245 3883 3304 3906 nos

2541 3919 2681 3955 Congrès
2712 3918 2970 3946 internationaux
3004 3915 3115 3942 savent
3146 3913 3306 3941 l'admira-

2537 3957 2616 3990 tion,
2644 3954 2912 3985 l'enthousiasme,
2942 3951 3113 3980 l'affection
3142 3948 3306 3977 canfiante

2537 4001 2598 4028 que
2617 3992 2662 4020 les
2682 3991 2825 4019 ouvriers
2844 3989 2883 4017 de
2900 3989 2973 4016 tous
2992 3994 3073 4022 pays
3090 3984 3305 4021 professaient

2540 4036 2619 4064 pour
2640 4029 2693 4055 lui.
2718 4026 2862 4060 Demain,
2885 4024 3065 4058 longtemps
3085 4026 3208 4052 encore,
3233 4021 3305 4048 tous

2540 4066 2646 4093 diront
2670 4061 2719 4092 ici
2736 4061 2897 4092 l'autorité
2917 4067 2979 4095 que
3004 4059 3050 4086 lui
3076 4058 3203 4090 avaierl
3230 4056 3303 4083 valu
3352 4047 3362 4074 I

2538 4097 2575 4136 sa
2594 4097 2722 4136 géniale
2742 4097 2941 4132 intelligence
2960 4095 2994 4123 et
3014 4094 3044 4122 la
3066 4092 3244 4129 générosité
3266 4091 3303 4119 de
3348 4088 3363 4138 S

2540 4146 2597 4167 son
2614 4143 2709 4165 cœur.
2730 4134 2754 4163 Il
2774 4134 2851 4164 était
2866 4138 2948 4168 pour
2965 4128 3239 4159 l'Internationale
3257 4135 3301 4156 so-

2541 4173 2663 4202 ciaMsbe
2682 4172 2714 4199 la
2732 4170 2855 4205 grande
2870 4168 2941 4196 voix
2962 4166 3001 4194 de
3020 4166 3052 4193 la
3072 4164 3254 4194 conscience
3272 4162 3303 4190 et

2541 4209 2580 4238 de
2600 4209 2639 4238 la
2666 4205 2902 4236 revendication
2932 4202 3108 4230 humaines.

2574 4250 2768 4281 Camarades
2792 4248 2834 4276 du
2860 4246 2960 4280 Parti,
2986 4243 3212 4280 syndicalistes
3234 4242 3311 4278 qui,.

2537 4297 2572 4319 ce
2593 4289 2666 4320 soir,
2689 4287 2806 4314 versiez
2828 4291 2902 4311 avec
2922 4289 3005 4310 nous
3024 4281 3080 4308 des
3101 4280 3219 4307 larmes
3240 4276 3302 4306 fra-

2538 4324 2694 4355 ternelles,
2720 4319 2936 4355 républicains
2958 4317 3097 4345 sincères
3120 4313 3178 4350 qui
3198 4313 3314 4350 saviez
3344 4309 3363 4344 a

2537 4360 2589 4389 les
2607 4360 2744 4389 services
2765 4355 2883 4384 rendus
2906 4361 2966 4389 par
2986 4353 3033 4380 lui
3057 4352 3077 4379 à
3098 4352 3131 4379 la
3154 4349 3302 4385 Républi-
3348 4354 3363 4381 t

2539 4400 2610 4430 que,
2637 4393 2789 4425 ouvriers,
2817 4386 3103 4418 révolutionnaires
3130 4384 3170 4413 du
3196 4383 3301 4420 grand
3345 4389 3360 4417 J

2540 4432 2643 4464 Paris,
2661 4435 2742 4455 nous
2758 4431 2969 4461 comprenons
2984 4424 3072 4450 votre
3088 4420 3234 4454 douleur,
3252 4426 3302 4455 vo-
3346 4431 3361 4452 s

2540 4467 2586 4494 tre
2609 4470 2693 4500 rage.

2573 4502 2661 4530 Nous
2678 4506 2757 4528 vous
2773 4498 2876 4526 disons
2929 4495 3086 4534 «_Gardez
3101 4495 3190 4522 votre
3209 4499 3301 4527 sang-
3346 4496 3363 4524 à

2538 4538 2621 4568 froid
2645 4535 2773 4570 Soyez
2794 4533 2906 4562 calmes
2959 4533 3063 4567 Soyez
3086 4537 3207 4559 comme
3228 4528 3250 4556 il
3272 4527 3301 4556 le
3346 4539 3363 4567 Ii

2538 4574 2668 4605 voulait,
2694 4572 2805 4606 dignes
2829 4569 2866 4597 de
2890 4567 3131 4602 l'organisation
3156 4564 3193 4594 et
3212 4564 3249 4594 de
3269 4564 3301 4592 la
3346 4567 3363 4596 d

2539 4609 2660 4644 grande
2681 4614 2776 4635 cause
2796 4605 2873 4640 qu'il
2897 4603 3015 4631 servait
3038 4602 3167 4637 Soyez
3189 4599 3303 4629 fidèles
3346 4604 3363 4631 d

2540 4646 2560 4674 à
2578 4640 2612 4673 sa
2629 4640 2745 4673 méthode
2798 4639 2907 4667 Tous
2925 4636 3123 4668 ensemble,
3145 4636 3233 4668 nous
3255 4636 3365 4668 pren-
3344 4639 3362 4664 :i

2540 4680 2631 4709 drons
2650 4680 2687 4709 et
2705 4677 2854 4705 suivrons
2873 4680 2993 4701 comme
3014 4672 3035 4699 il
3057 4670 3187 4699 l'aurait
3204 4667 3302 4696 voulu
3344 4680 3363 4700 a

2539 4717 2584 4745 les
2606 4714 2763 4743 décisions
2782 4712 2838 4747 qui
2862 4707 3091 4738 conviendront
3113 4706 3133 4734 à
3154 4704 3187 4733 la
3210 4709 3301 4741 gran-
3346 4709 3363 4736 1J

2541 4753 2619 4780 deur
2634 4748 2672 4777 de
2691 4748 2785 4777 notre
2802 4746 2887 4774 deuil
2906 4746 2936 4773 et
2953 4750 3016 4771 aux
3034 4747 3150 4777 graves
3168 4740 3303 4768 circons-
3345 4745 3363 4772 11

2538 4790 2649 4816 tances
2672 4785 2725 4820 qui
2750 4789 2832 4811 nous
2856 4780 2993 4815 rendent
3013 4780 3053 4815 sa
3077 4777 3166 4814 perte
3188 4782 3304 4805 encore

2540 4824 2613 4861 plus
2630 4820 2842 4850 douloureuse
2858 4820 2890 4846 et
2909 4818 2982 4852 plus
3002 4821 3107 4850 grave.
3347 4830 3363 4849 v

2988 4862 3096 4891 Albert
3110 4861 3245 4891 Thomas
3346 4859 3363 4879 s

2541 4963 2602 5045 LA
2633 4963 2754 5045 PLUS
2772 4957 2999 5040 CRUELLE
3032 4957 3195 5040 PERTE

2654 5056 2778 5145 POUR
2809 5056 3304 5145 L'INTERNATIONALE
3346 5053 3363 5084 °

2574 5221 2653 5251 C'est
2668 5227 2710 5249 au
2726 5216 2909 5246 lendemain
2926 5215 2966 5243 de
2980 5214 3013 5242 la
3030 5212 3095 5241 très
3110 5209 3305 5246 importante

2540 5258 2686 5287 réunion
2749 5253 2792 5281 du
2816 5251 2967 5281 véritable
2990 5248 3108 5277 conseil
3130 5247 3169 5274 de
3190 5252 3305 5281 guerre

2592 5293 2633 5321 du
2656 5293 2782 5319 Bureau
2804 5286 2969 5317 Socialiste
2990 5281 3223 5312 International
3245 5287 3306 5315 que

2540 5330 2628 5358 notre
2648 5326 2759 5356 Jaurès
2778 5324 2864 5351 vient
2884 5321 2979 5350 d'être
3000 5319 3107 5348 enlevé
3126 5318 3145 5346 à
3166 5318 3197 5345 ha
3216 5316 3302 5344 lutte,
3344 5312 3363 5334 c

2540 5365 2619 5395 C'est
2638 5363 2658 5391 à
2678 5369 2721 5390 un
2742 5359 2883 5388 moment
2902 5357 2941 5385 où
2962 5355 2984 5384 il
3006 5355 3113 5383 venait
3133 5353 3171 5381 de
3190 5350 3306 5380 rendre
3344 5352 3360 5375 s

2540 5402 2567 5428 le
2585 5400 2656 5435 plus
2670 5396 2773 5433 grand
2792 5394 2910 5422 service
2926 5392 2946 5419 à
2964 5398 3022 5424 son
3038 5395 3119 5424 pays
3136 5394 3178 5416 au
3206 5386 3305 5415 socia-
3345 5381 3363 5414 1

2540 5436 2629 5463 lisme
2649 5433 2678 5461 et
2698 5431 2716 5460 à
2734 5431 2770 5460 la
2790 5436 2884 5457 cause
2906 5427 2943 5454 de
2962 5427 2993 5453 la
3016 5425 3087 5459 paix
3112 5431 3172 5459 que
3193 5421 3306 5450 Jaurès

2539 5472 2586 5499 est
2602 5468 2706 5499 tombé
2722 5464 2879 5498 foudroyé
2899 5464 2958 5498 par
2972 5462 3018 5489 les
3036 5466 3134 5495 coups
3152 5458 3191 5486 de
3206 5455 3362 5501 revol-
3345 5470 3363 5501 g

2540 5513 2593 5535 ver
2612 5505 2683 5532 d'un
2705 5499 2881 5530 misérable.
3345 5503 3363 5534 é

2574 5550 2657 5578 Ceux
2673 5542 2726 5582 qui
2744 5542 2797 5582 ont
2815 5542 2937 5582 assisté
2953 5548 3015 5569 aux
3032 5539 3166 5568 séances
3184 5536 3227 5566 du
3246 5536 3305 5564 Bu-

2541 5592 2614 5613 reau
2640 5580 2804 5611 Socialiste
2828 5575 3060 5606 International
3085 5580 3205 5602 comme
3226 5571 3304 5612 ce-ix
3345 5581 3363 5613 h

2540 5622 2591 5657 qui
2614 5620 2668 5648 ont
2690 5615 2828 5645 entendu
2850 5611 3048 5640 l'admirable
3070 5609 3215 5638 discours
3237 5614 3305 5642 pro-
3346 5618 3363 5653 a

2541 5655 2639 5685 noncé
2654 5650 2809 5681 mercredi
2826 5648 2954 5677 dernier
2972 5653 3031 5682 par
3049 5644 3162 5673 Jaurès
3178 5650 3222 5672 au
3241 5643 3305 5670 Cir-

2538 5699 2598 5727 que
2620 5688 2719 5722 Royal
2742 5686 2779 5714 de
2801 5682 2965 5713 Bruxelles
2986 5681 3138 5709 saisiront
3160 5678 3193 5707 et
3210 5678 3307 5707 senti-
3345 5701 3363 5732 (

2543 5727 2612 5755 ront
2632 5724 2736 5752 mieux
2760 5727 2819 5756 que
2842 5723 2998 5754 personne
3020 5716 3052 5744 la
3073 5714 3195 5751 grande
3218 5714 3305 5749 perte

2538 5770 2598 5797 que
2622 5758 2749 5788 l'armée
2774 5755 2932 5784 socialiste
2956 5754 2987 5780 et
3009 5751 3055 5779 les
3078 5749 3243 5786 partisans
3268 5749 3305 5777 de
3342 5749 3360 5772 8

2541 5799 2569 5826 la
2596 5796 2667 5832 paix
2694 5792 2843 5821 viennent
2869 5789 2906 5816 de
2930 5787 3020 5815 subir
3044 5793 3087 5814 au
3112 5786 3252 5813 moment
3276 5784 3306 5812 le
3344 5789 3362 5812 8

2541 5834 2610 5869 plus
2626 5829 2774 5872 tragique
2790 5826 2830 5854 de
2845 5822 2998 5853 l'histoire
3016 5821 3054 5850 de
3069 5820 3218 5855 l'Europe
3233 5825 3305 5847 con-

2540 5871 3125 5902 temporaine..
3126 5874 3228 5895 ̃
3344 5859 3363 5891 i1

2540 5871 2601 5930 NUI
2622 5871 2704 5930 noie
2725 5871 2766 5930 us
2792 5892 2849 5930 que
2868 5892 3000 5930 Jaurès,
3028 5892 3080 5923 qui
3106 5892 3305 5918 cr>nxui2S£ai>t

2537 5889 2834 5969 'NUI,rn1>I,lX,
2849 5889 3132 5969 ,qu"e.Jo.urès""qw.
3147 5889 3317 5969 c()n~,a,.tt.
3333 5908 3363 5926 -r.¡

2537 5939 2557 5968 à
2580 5934 2655 5965 fond
2677 5929 2780 5960 toutes
2798 5929 2850 5960 les
2870 5926 3033 5962 questions
3057 5922 3251 5953 concernant
3273 5922 3304 5950 la

2540 5970 2689 6009 politique
2720 5961 2977 5994 internationale,
3008 5959 3062 5995 qui
3094 5958 3192 5986 vivait
3223 5956 3305 5989 dans

2538 6009 2626 6038 toute
2650 6009 2704 6032 son
2729 5998 2881 6030 intensité
2906 5998 2935 6025 la
2962 5996 3011 6024 vie
3036 5994 3081 6022 du
3104 5994 3304 6022 mouvement

2540 6038 2730 6080 nrolétarien
2759 6036 2789 6064 et
2817 6033 2870 6069 qui
2912 6029 3112 6066 interprétait
3151 6033 3304 6055 commme

2540 6081 2694 6114 personne
2719 6066 2757 6106 la
2776 6066 2980 6106 psychologie
3005 6065 3042 6093 de
3068 6065 3099 6093 la
3126 6063 3225 6091 classe
3251 6068 3303 6089 ou-

2541 6114 2649 6143 vrière,
2670 6108 2724 6136 nul
2745 6107 2850 6135 mieux
2869 6108 2929 6138 que
2949 6101 3093 6129 l'illustre
3114 6098 3224 6127 défunt
3243 6097 3303 6125 n'é-
3343 6118 3363 6146 p

2539 6150 2599 6178 tait
2626 6141 2754 6178 désigné
2782 6146 2863 6175 pour
2890 6136 3004 6172 guider
3032 6135 3362 6173 l'internationaie
3343 6153 3362 6173 a

2539 6178 2610 6214 tout
2628 6178 2751 6214 entière
2776 6175 2856 6203 dans
2882 6173 2928 6200 les
2953 6172 3047 6199 rudes
3070 6169 3217 6197 batailles
3244 6173 3316 6210 que
3340 6173 3364 6210 y

2540 6226 2621 6249 nous
2636 6219 2755 6244 aurons
2772 6206 3015 6239 incessamment
3032 6206 3052 6234 à
3069 6205 3232 6233 affronter.

2576 6254 2621 6283 Le
2636 6248 2775 6285 Congrès
2793 6242 3021 6273 international
3041 6241 3081 6270 du
3100 6240 3119 6276 9
3138 6240 3211 6276 août
3230 6240 3303 6276 sera
3344 6241 3363 6280 E

2542 6288 2741 6320 assurément
2757 6285 2785 6312 le
2802 6282 2875 6317 plus
2893 6279 3066 6315 important
3082 6277 3121 6306 de
3137 6279 3209 6305 tous
3225 6282 3301 6306 ceux
3346 6296 3362 6315 a

2542 6334 2602 6369 au--
2625 6316 2897 6351 ["Internationale
2920 6324 2940 6344 a
2964 6315 3057 6342 tenus
3080 6312 3235 6359 jusqu'ici.
3262 6312 3362 6351 Ce
3344 6324 3363 6351 ti

2541 6358 2681 6391 <>»s-ès
2696 6354 2805 6384 aurait
2818 6353 2930 6381 trouvé
2945 6358 2983 6379 en
3001 6348 3115 6377 Jaurès
3129 6349 3159 6377 le
3174 6345 3302 6376 conseil-
3344 6357 3363 6386 ]_

2544 6400 2589 6427 !«•
2610 6382 2641 6423 ïi-
2666 6393 2738 6428 plus
2766 6389 2879 6418 éclairé
2905 6389 2935 6416 et
2960 6385 3150 6420 l'interprète
3176 6382 3205 6412 le
3231 6383 3303 6418 plus
3345 6401 3363 6420 f;

2545 6428 2636 6463 'jjèif
2661 6429 2698 6457 de
2720 6428 2753 6455 la
2777 6424 2891 6461 pensée
2914 6425 2944 6451 et
2957 6421 3022 6455 des
3046 6420 3232 6450 sentiments
3256 6426 3301 6448 so-
3344 6429 3362 6456 é

2545 6462 2691 6497 cini^les.
2725 6462 2804 6491 C'est
2834 6457 2991 6495 pourquoi
3011 6457 3051 6495 le
3078 6457 3174 6484 crime
3204 6454 3303 6483 d'hier

2530 6497 2818 6537 •̃•"apparaîtra
2841 6497 2860 6524 à
2882 6497 2955 6524 tous
2974 6494 3021 6522 les
3042 6492 3197 6520 militants
3215 6492 3302 6520 coin.
3344 6505 3362 6533 p

2545 6537 2642 6569 i-jp'lp
2661 6537 2733 6571 plus
2752 6532 2867 6561 cruelle
2885 6530 2920 6564 et
2938 6530 2973 6564 la
2991 6530 3061 6564 plus
3077 6527 3302 6561 foncièçement
3346 6541 3360 6559 r

2544 6574 2694 6605 ̃•âésate
2724 6571 2762 6599 de
2789 6569 2892 6597 toutes
2922 6566 2966 6594 les
2998 6565 3119 6593 actions
3146 6563 3238 6599 qu'en
3268 6569 3301 6590 ce
3344 6576 3363 6595 n

2544 6606 2570 6640 ~v
2583 6606 2685 6640 ->n.'3nt
2714 6604 2845 6642 pouvait
2876 6601 3047 6637 accomplir
3078 6598 3119 6630 un
3140 6598 3221 6630 être
3248 6598 3303 6626 hu-
3344 6603 3363 6630 d
3344 6603 3362 6630 d

2572 6644 2641 6675 îaii:
3344 6637 3362 6664 d

2581 6675 2598 6710 t
2615 6675 2866 6710 -internationale
2904 6675 2975 6702 tout
3013 6672 3130 6701 entière
3170 6677 3302 6706 appren-
3344 6673 3362 6700 d

2569 6719 2604 6745 r>,
2630 6711 2833 6749 aujourd'hui
2858 6711 2933 6738 avec
2958 6710 3091 6738 horreur
3117 6708 3146 6736 et
3172 6709 3304 6742 stupeur
3344 6715 3361 6735 a

2611 6749 2692 6786 perte
2709 6749 2742 6786 de
2757 6748 2902 6775 l'homme
2920 6745 2971 6780 qui
2988 6745 3039 6780 iui
3057 6743 3170 6773 frù.^ait
3185 6743 3214 6773 le
3233 6742 3303 6778 plus
3345 6743 3361 6770 é

2546 6782 2648 6821 ^•auû
2669 6782 2812 6821 honneur
2833 6782 2874 6821 et
2893 6782 2951 6817 qui
2972 6781 3018 6812 lu:
3038 6780 3127 6811 ava;*
3150 6778 3257 6808 rendu,
3274 6778 3305 6807 et
3344 6779 3363 6810 t~

3284 624 3447 648 ̃*<8>i"-

3376 703 3422 732 lui
3446 710 3577 741 pouvait
3600 709 3714 739 rendre
3736 717 3850 739 encore
3870 711 3918 741 les
3937 707 4077 744 services
4095 707 4148 744 les

3376 740 3449 776 plus
3470 742 3634 774 éminents.
3662 743 3727 775 Elle
3750 754 3788 775 ne
3810 749 3847 780 se
3866 749 4030 780 consolera
4050 747 4142 783 qu'en

3376 778 3507 813 puisant
3526 781 3606 810 dans
3626 783 3786 819 l'exemple
3806 784 3844 812 de
3863 784 3956 812 notre
3970 786 4046 814 cher
4066 784 4143 812 mal-

3376 816 3422 843 tre
3444 815 3473 843 le
3494 823 3632 854 courage
3655 818 3833 851 nécessaire
3856 827 3937 856 pour
3958 821 3989 849 la
4012 821 4090 850 lutte
4113 820 4143 848 et

3377 849 3420 878 les
3440 851 3579 885 grandes
3601 856 3702 890 vertus
3719 856 3803 890 qu'il
3824 856 3988 893 déployait
4006 858 4089 885 dans
4110 854 4142 885 la

3374 887 3501 916 défense
3529 888 3572 917 du
3594 891 3777 921 socialisme
3802 894 3835 921 et
3858 892 3897 923 de
3924 892 3955 922 la
3980 899 4076 922 cause
4102 893 4142 922 de

3374 922 3570 954 l'humanité,

3878 966 3978 995 Fabra
4001 966 4103 998 Ribas.

3561 1035 3948 1128 DÉCLARATION

3396 1141 3466 1220 DU
3502 1137 4112 1244 COMITEJONFËDÉRAL

3401 1278 3442 1306 Le
3462 1279 3581 1310 Comité
3600 1281 3782 1313 confédéral
3801 1284 3957 1318 apprend,
3978 1292 4021 1312 au
4042 1289 4136 1312 cours

3365 1311 3404 1340 de
3419 1314 3456 1353 sa
3475 1314 3604 1353 séance,
3618 1318 3647 1346 le
3666 1318 3757 1348 lâche
3776 1318 3958 1348 assassinat
3974 1320 4027 1355 qui
4049 1319 4134 1348 vient

3364 1346 3403 1377 de
3418 1348 3548 1385 frapper
3563 1353 3593 1379 la
3610 1354 3702 1382 noble
3718 1354 3825 1391 figure
3843 1354 3897 1391 que
3912 1355 3960 1382 fut
3974 1355 4096 1382 Jaurès.

3401 1383 3554 1416 Traduire
3574 1383 3613 1416 le
3636 1390 3807 1418 sentiment
3832 1390 3871 1419 de
3909 1388 4044 1418 douleur
4078 1389 4136 1425 qui

3365 1420 3513 1455 étreignit
3534 1421 3586 1453 lea
3604 1421 3760 1453 militants
3782 1426 3928 1460 présents
3950 1426 4006 1460 est
4025 1426 4136 1460 impos-

3361 1454 3461 1483 sihla

3390 1491 3446 1518 En
3473 1491 3597 1527 Jaurès,
3625 1495 3698 1523 c'est
3722 1496 3752 1524 le
3790 1495 3959 1527 défenseur
3994 1497 4024 1526 le
4061 1497 4134 1533 plus

3364 1525 3573 1563 clairvoyant,
3596 1527 3623 1555 le
3644 1532 3715 1564 plus
3734 1530 3849 1561 ardent
3870 1532 3925 1560 des
3942 1540 4056 1562 causes
4077 1532 4132 1561 hu-

3362 1561 3486 1589 maines
3508 1565 3562 1598 qui
3585 1562 3750 1599 disparait.

3401 1596 3444 1624 La
3466 1597 3568 1628 classe
3590 1601 3735 1630 ouvrière
3756 1603 3833 1637 perd
3856 1610 3896 1632 en
3918 1603 3963 1631 lui
3985 1612 4030 1633 un
4052 1605 4135 1633 mili-

3362 1632 3441 1665 tant,
3462 1639 3503 1660 un
3522 1635 3644 1663 artisan
3662 1635 3791 1669 dévoué,
3810 1638 3943 1671 sincère,
3958 1640 4038 1667 actif
4056 1640 4130 1668 d'un
4144 1636 4150 1670 i

3362 1666 3507 1695 meilleur
3526 1668 3654 1697 devenir
3673 1671 3779 1700 sociaL

3398 1703 3557 1738 Toujours
3573 1710 3615 1733 au
3634 1707 3770 1740 premier
3788 1715 3869 1743 rang
3886 1710 3943 1739 des
3962 1710 4037 1739 bons
4052 1716 4133 1738 com-

3364 1737 3443 1772 bats,
3466 1740 3542 1775 pour
3561 1740 3599 1775 le
3622 1739 3715 1775 droit,
3740 1751 3819 1777 pour
3842 1742 3878 1775 la
3896 1742 3985 1775 vraie
4004 1746 4131 1782 justice,

3365 1774 3383 1800 il
3401 1775 3506 1803 tombe
3525 1776 3652 1806 victime
3670 1776 3726 1805 des
3746 1779 3829 1807 idées
3848 1780 3902 1816 qui
3922 1783 3999 1815 sont
4019 1783 4153 1815 nôtres,

3361 1809 3414 1842 qui
3430 1813 3502 1838 sont
3518 1812 3611 1840 celles
3626 1811 3670 1840 du
3686 1813 3873 1847 prolétariat
3890 1816 4129 1847 international.

3398 1845 3485 1873 Dans
3510 1849 3600 1875 notre
3626 1847 3786 1882 douleur,,
3804 1847 3840 1882 un
3868 1850 4026 1882 réconfort
4050 1858 4131 1880 nous
4115 1817 4129 1847 1-

3362 1880 3456 1910 vient.
3474 1882 3555 1910 C'est
3572 1890 3630 1916 que
3646 1885 3726 1913 cette
3742 1884 3936 1918 conscience,
3954 1887 4061 1920 haute,
4079 1887 4133 1920 no-

3362 1915 3419 1950 ble,
3442 1916 3589 1945 survivra
3610 1918 3692 1946 dans
3712 1920 3742 1948 la
3764 1920 3916 1951 mémoire
3936 1921 3973 1950 de
3993 1925 4066 1950 tous
4086 1920 4133 1949 les

3360 1950 3572 1980 travailleurs.

3397 1987 3442 2014 Au
3465 1994 3537 2015 nom
3561 1987 3599 2017 de
3621 1988 3651 2016 la
3674 1983 3782 2019 classe
3798 1990 3942 2020 ouvrière
3965 1992 4131 2027 organisée

3362 2021 3399 2049 de
3426 2029 3460 2049 ce
3488 2030 3577 2058 paya,
3606 2031 3688 2052 nous
3716 2025 3848 2054 saluons
3874 2028 3954 2057 cette
3981 2027 4073 2056 noble
4101 2029 4130 2056 et

3361 2055 3530 2092 énergique
3553 2059 3652 2094 figure
3670 2060 3727 2096 qui
3749 2061 3813 2088 s'en
3837 2069 3884 2096 va,
3908 2062 4001 2097 cette
4020 2062 4132 2097 grande

3361 2092 3390 2118 et
3417 2092 3583 2127 éloquente
3610 2096 3679 2123 voix
3706 2096 3773 2131 qui,
3802 2096 3883 2125 dans
3909 2098 3975 2127 des1
3993 2096 4130 2130 circons-

3360 2128 3469 2157 tances
3505 2128 3550 2158 les
3585 2130 3660 2165 plus
3708 2130 3927 2168 dramatiques
3976 2133 4132 2169 peut-être

3358 2163 3470 2193 qu'elle
3492 2166 3543 2192 eût
3565 2165 3583 2192 à
3605 2168 3807 2201 commenter,
3830 2169 3916 2196 vient
3937 2169 3975 2198 de
3994 2169 4032 2198 se
4046 2168 4130 2200 taire

3360 2198 3387 2224 si
3407 2198 3651 2232 tragiquement.

3569 2247 3655 2275 Pour
3678 2248 3707 2276 le
3733 2250 3852 2278 Comité
3878 2249 4059 2285 confédéral

3429 2285 3472 2313 Le
3494 2284 3610 2314 bureau
3676 2288 3707 2317 L.
3736 2289 3893 2323 Jouhaux,
3922 2289 4041 2323 Yvetot,
4070 2290 4128 2317 Du-

3461 2322 3593 2358 moulin,
3616 2322 3776 2361 Lapierre,
3800 2325 4127 2362 Marck,Colveyracii.

3398 2390 3628 2503 APRÈS
3674 2390 4087 2503 IATTENTAT

3506 2553 3562 2593 Ce
3578 2553 3675 2601 qu'a
3693 2554 3756 2593 dit
3773 2555 3981 2595 l'assassin

3391 2613 3532 2642 Conduit
3565 2620 3606 2641 au
3630 2616 3768 2645 service
3788 2616 3828 2645 de
3850 2616 3882 2643 la
3906 2618 4009 2651 police
4042 2614 4125 2650 judi-

3357 2650 3464 2683 ciaire,
3486 2651 3502 2678 i
3518 2651 3654 2678 'assassin
3674 2657 3695 2677 a
3716 2651 3764 2680 été
3786 2651 4058 2681 Unrneck-atemant,
4082 2655 4123 2678 in-

3358 2688 3477 2713 troduit
3497 2687 3581 2713 liana
3600 2689 3628 2713 le
3649 2688 3777 2713 cabinet
3796 2686 3834 2713 de
3855 2688 3895 2714 M.
3917 2686 4062 2721 Mouton,
4083 2686 4125 2721 où

3356 2726 3389 2745 s>e
3414 2724 3595 2748 trouvaient
3618 2722 3693 2755 déjà
3718 2729 3827 2749 reunis
3852 2723 3925 2749 MM.
3954 2723 4112 2752 Lesciuve

3356 2761 3533 2788 procureur
3550 2757 3589 2784 de
3606 2758 3639 2784 la
3657 2759 3846 2794 képuuiique
3902 2758 4030 2791 Drioux,
4049 2765 4124 2792 luge

3355 2793 3372 2827 a
3389 2793 3589 2827 instruction,
3608 2796 3638 2820 et
3656 2795 3825 2828 Ba&quart,
3844 2791 4018 2825 secrétaire
4031 2794 4122 2829 géné-

3356 2829 3404 2855 rat
3425 2831 3467 2855 du
3490 2829 3638 2863 Paaiquet

3392 2864 3555 2897 JLnterioge
3578 2871 3634 2891 sur
3655 2871 3713 2892 son
3722 2864 3737 2900 l
3752 2864 3881 2900 identité,
3904 2866 3932 2893 le
3953 2865 4125 2893 misérable

3357 2905 3535 2927 oouuuence
3560 2906 3620 2934 par
3646 2901 3790 2929 déclarer
3814 2901 3891 2936 qu'il
3917 2908 3957 2928 ne
3982 2902 4014 2929 la
4040 2900 4121 2929 four-

3358 2935 3456 2961 nirait
3497 2943 3555 2970 pas
3578 2939 3649 2964 tant
3672 2937 3747 2977 qu'il
3773 2937 3914 2970 n'aurait
3954 2944 4013 2972 pas
4036 2938 4123 2966 avisé

3358 2973 3649 3004 pai-soimeUtanent
3678 2979 3740 3000 ison
3774 2973 3849 3010 père
3878 2973 3922 3000 die
3948 2964 4117 3009 (l'attentat

3354 3006 3430 3041 qu'il
3452 3013 3559 3035 venait
3581 3009 3618 3035 de
3640 3012 3831 3038 commetue.

3454 3043 3513 3071 Les
3542 3043 3713 3078 journaux,
3746 3045 3826 3074 a-t-ii
3856 3045 3912 3079 dit,
3944 3045 4124 3080 arriveront

3353 3077 3435 3106 dans
3453 3084 3525 3105 mon
3545 3085 3626 3114 pays
3645 3086 3715 3107 vers
3734 3080 3804 3108 huit
3822 3081 3938 3110 heures
3956 3082 3997 3109 du
4018 3082 4120 3109 matin

3356 3115 3386 3140 et
3406 3120 3479 3140 mon
3501 3115 3574 3148 père
3596 3122 3645 3142 me
3665 3116 3872 3143 reconnaîtra
3890 3123 3968 3146 sans
3988 3117 4122 3145 doute
4103 3124 4122 3144 a

3356 3156 3428 3176 mon
3446 3150 3662 3184 signalement
3678 3152 3772 3187 qu'ils
3789 3152 3942 3182 n'auront
3958 3159 4017 3188 pa3
4036 3159 4123 3180 itiin-

3353 3186 3412 3220 qué
3430 3186 3470 3213 de
3486 3188 3622 3214 lournu.

3382 3221 3428 3250 M.
3453 3221 3580 3249 ivlouton
3602 3223 3647 3250 lui
3665 3233 3690 3254 a.
3710 3224 3852 3259 répondu
3873 3231 3933 3261 que
3954 3232 3988 3254 ve
4008 3224 4118 3253 n'était

3356 3262 3414 3291 pas
3436 3256 3469 3284 là
3490 3258 3520 3285 le
3542 3264 3657 3292 moyen
3681 3260 3784 3294 précis
3806 3261 3943 3291 d'aviser
3966 3268 4023 3289 son
4047 3260 4122 3296 père

3352 3300 3427 3320 avec
3449 3296 3520 3320 tous
3542 3294 3600 3330 les
3620 3294 3850 3330 méiiagèments
3870 3297 4067 3325 nécessaires
4088 3298 4119 3323 et

3352 3328 3428 3362 qu'il
3450 3328 3528 3356 était
3549 3330 3728 3364 préférable
3749 3338 3832 3369 pous
3853 3332 3899 3359 lui
3922 3332 3961 3360 de
3982 3338 4017 3360 se
4038 3331 4120 3359 faire

3354 3365 3530 3392 connaître.

3386 3400 3564 3428 L'assassin
3589 3404 3637 3431 est
3662 3403 3758 3436 entré
3773 3403 3870 3439 alors
3890 3403 3968 3439 dans
3988 3403 4027 3439 la
4050 3402 4118 3431 voie

3352 3433 3413 3461 des
3434 3433 3555 3461 aveux.
3680 3432 3819 3476 ,c-

3411 3469 3452 3495 Je
3466 3471 3512 3505 me
3535 3471 3671 3505 homme,
3689 3471 3770 3499 a-t-il
3789 3471 3845 3507 dit,
3866 3467 3968 3500 Raoul
3988 3465 4117 3500 VUlain.

3352 3504 3386 3531 Je
3406 3505 3476 3532 suis
3497 3504 3537 3532 né
3560 3505 3580 3534 à
3601 3507 3710 3534 Reims
3732 3508 3761 3535 le
3785 3507 3816 3534 12
3837 3509 4016 3542 septembre
4042 3506 4117 3536 1885.

3350 3540 3384 3570 Je
3402 3541 3470 3568 suis
3489 3541 3572 3569 élève
3592 3543 3631 3570 de
3648 3543 3763 3571 l'Ecole
3782 3543 3824 3572 du
3845 3543 3977 3579 Louvre,
3994 3544 4116 3572 section

3354 3575 3584 3612 d'archéologie
3612 3580 3641 3605 et
3666 3578 3799 3612 j'habite
3824 3579 3869 3612 44,
3896 3585 3953 3606 rue
3980 3580 4117 3607 d'Assas.

3354 3612 3427 3639 Mon
3448 3612 3522 3647 père
3543 3615 3589 3640 est
3608 3613 3741 3648 greffier
3762 3621 3804 3642 au
3825 3615 3969 3642 tnibunal
3988 3615 4062 3643 civil
4082 3613 4124 3642 de

3348 3648 3382 3676 la
3398 3648 3491 3677 Seine
3506 3651 3539 3677 et
3554 3655 3608 3676 ma
3626 3650 3712 3677 mère
3730 3649 3785 3678 est
3804 3649 3949 3678 internée
3968 3649 4041 3678 dans
4054 3656 4116 3678 une

3350 3685 3472 3711 maison
3489 3684 3643 3712 d'aliénés
3658 3685 3772 3719 depuis
3790 3685 3878 3720 vingt
3895 3693 3955 3714 ans
3973 3687 4113 3713 environ.

3385 3718 3486 3753 Après
3510 3720 3600 3746 avoir
3624 3719 3731 3747 fourni
3756 3727 3809 3747 ces
3834 3722 4115 3755 renseignements,

3350 3754 3380 3782 le
3398 3754 3577 3790 misérable,
3602 3754 3655 3789 qui
3678 3756 3853 3791 s'explique
3874 3763 3950 3783 avec
3973 3755 4028 3785 une
4047 3755 4120 3785 élé-

3351 3795 3452 3824 gance
3482 3797 3564 3824 rare,
3596 3797 3615 3817 a
3645 3786 3781 3819 déclaré
3797 3797 3859 3826 que
3890 3791 4003 3826 depuis
4032 3791 4119 3826 long-

3350 3827 3452 3860 temps
3469 3825 3546 3860 déjà
3565 3826 3586 3853 il
3604 3827 3798 3854 nourrissait
3817 3827 3845 3855 le
3864 3828 3969 3862 projet
3988 3828 4119 3855 d'atten-

3351 3862 3399 3889 ter
3429 3861 3448 3889 à
3468 3861 3498 3889 la
3528 3862 3578 3890 vie
3608 3861 3646 3890 de
3674 3863 3789 3890 Jaurès
3818 3863 3907 3897 qu'il
3925 3863 4119 3897 considérait

3351 3907 3365 3921 «
3382 3903 3503 3926 comme
3521 3904 3564 3924 un
3581 3898 3708 3925 homme
3726 3898 3865 3926 nuisible
3878 3899 3902 3926 à
3921 3899 3951 3925 la
3970 3899 4076 3935 patrie
4090 3908 4114 3924 ».

3386 3932 3450 3960 Son
3474 3933 3610 3961 attitude
3633 3935 3741 3961 contre
3762 3934 3795 3961 la
3821 3934 3861 3961 loi
3885 3934 3923 3962 de
3946 3934 4025 3963 trois
4045 3940 4116 3968 ans,

3350 3969 3431 3997 a-t-il
3457 3968 3577 4003 ajouté,
3604 3970 3665 3997 m'a
3691 3968 3844 4004 exaspéré
3873 3971 3903 3998 et
3928 3971 4004 3998 c'est
4030 3970 4116 3997 alors

3350 4011 3412 4039 que
3428 4004 3459 4038 je
3478 4011 3528 4033 me
3546 4003 3669 4032 décidai
3692 4004 3941 4033 définitivement
3960 4005 3980 4033 à
3996 4006 4031 4039 le
4049 4006 4119 4039 sup-

3352 4041 3479 4074 primer.

3386 4075 3425 4103 M.
3448 4076 3564 4103 Drioixs
3584 4082 3603 4104 a
3621 4076 3796 4113 enregistré
3812 4076 3858 4105 les
3873 4083 3975 4104 aveux
3993 4076 4032 4105 de
4049 4076 4118 4104 l'as-

3351 4111 3460 4146 sassin
3479 4111 3534 4146 qui
3553 4119 3570 4139 a
3594 4112 3642 4140 été
3664 4112 3777 4140 écroué
3797 4111 3818 4140 à
3837 4111 3873 4141 la
3894 4112 3992 4141 Santé
4010 4112 4035 4141 à
4053 4118 4118 4140 une

3349 4147 3446 4176 heure
3462 4147 3508 4175 du
3526 4148 3640 4177 matin.

3424 4222 3585 4264 Devant
3656 4212 3972 4266 L'HUMANITÉ

3382 4282 3459 4311 Plus
3477 4283 3515 4311 de
3530 4284 3604 4319 cinq
3622 4284 3900 4319 millepersonnes
3917 4283 4062 4317 vinrent,
4081 4283 4118 4317 en

3347 4321 3528 4353 apprenant
3556 4320 3718 4347 l'horrible
3744 4321 3936 4353 assassinat,
3966 4318 4115 4347 manifes-

3348 4354 3395 4381 ter
3412 4354 3528 4383 devant
3544 4355 3749 4383 l'Humanité.
3769 4356 3831 4383 Des
3846 4357 3911 4384 cris
3926 4354 3959 4384 de
4046 4354 4120 4382 Vive

3345 4389 3458 4417 Jaurès
3481 4402 3497 4417 »
3520 4391 3716 4423 retentirent,
3740 4393 3858 4426 coupés
3880 4391 3918 4419 de
3940 4391 4002 4420 cris
4025 4402 4041 4419 u
4062 4390 4118 4417 As-

3346 4426 3469 4453 sassins
3489 4436 3513 4453 ».

3380 4461 3425 4491 La
3445 4462 3582 4491 douleur
3600 4462 3639 4492 de
3657 4464 3738 4492 cette
3756 4463 3842 4491 foule
3862 4464 3910 4492 est
3930 4460 4117 4498 impossible

3345 4496 3368 4524 à
3389 4497 3519 4526 décrire.
3547 4499 3572 4526 II
3596 4506 3618 4534 y
3640 4506 3662 4534 a
3682 4499 3715 4527 là
3738 4499 3794 4527 des
3816 4499 3930 4534 jeunes
3952 4498 4038 4527 filles
4058 4498 4113 4533 qui

3346 4532 3503 4567 pleurent,
3526 4533 3581 4562 des
3602 4535 3749 4564 ouvriers
3768 4542 3882 4563 encore
3901 4541 3939 4563 en
3960 4535 4117 4562 vêtement

3346 4567 3383 4596 de
3402 4569 3535 4605 travail,
3552 4569 3586 4605 et
3604 4572 3677 4598 tous
3697 4571 3870 4599 réclament
3892 4571 3918 4599 le
3940 4570 4115 4598 châtiment

3346 4604 3385 4632 de
3408 4605 3582 4634 l'assassin.
3608 4606 3655 4636 On
3678 4613 3713 4635 se
3737 4606 3814 4634 rend
3838 4606 3963 4640 compte
3984 4612 4046 4640 que
4069 4604 4117 4633 les

3333 4640 3607 4674 manllestatlôns
3627 4640 3686 4674 les
3706 4640 3785 4674 plus
3810 4641 4014 4666 redoutables
4041 4642 4118 4666 vont

3344 4673 3437 4701 avoir
3457 4674 3530 4702 lieu.
3554 4674 3580 4702 Il
3602 4674 3674 4703 faut
3694 4681 3756 4709 que
3778 4673 3906 4703 Lauche
3929 4674 4074 4709 paraisse
4096 4674 4116 4701 à

3346 4709 3378 4737 la
3398 4709 3519 4737 fenêtre
3538 4717 3620 4745 pour
3637 4710 3771 4746 prêcher
3790 4710 3820 4738 le
3838 4709 3951 4744 calme,
3970 4710 4116 4739 contenir

3345 4745 3376 4773 le
3394 4745 3462 4778 flot,
3485 4746 3614 4782 apaiser
3632 4744 3669 4776 la
3688 4744 3833 4776 douleur.

3377 4788 3526 4825 Citoyens,
3552 4793 3638 4824 dit-il,
3665 4793 3685 4819 il
3710 4799 3787 4819 nous
3812 4795 3856 4819 est
3881 4793 4055 4825 impossible
4080 4792 4116 4818 de

3346 4830 3420 4850 vous
3444 4823 3556 4849 décrire
3581 4825 3664 4849 notre
3689 4824 3844 4855 chagrin.
3870 4824 4019 4849 Attendez.
4045 4822 4116 4848 Con-

3346 4859 3446 4879 servez
3472 4855 3553 4879 votre
3577 4855 3681 4883 calme,
3707 4850 3788 4879 vofre
3813 4852 3987 4884 sang-froid.
4012 4853 4118 4878 Jaurès

3346 4885 3390 4909 est
3416 4884 3566 4913 assassiné
3592 4890 3646 4915 par
3672 4883 3724 4915 un-
3742 4883 3879 4915 individu
3897 4883 3949 4915 qui
3967 4883 4053 4915 s'est
4071 4883 4123 4915 ar-

3345 4915 3438 4946 rangé
3457 4914 3530 4945 pour
3549 4914 3658 4945 cacher
3674 4919 3728 4939 son
3748 4913 3879 4939 identité.

3378 4945 3517 4970 Attendez
3546 4944 3723 4970 dimanche.
3743 4944 3822 4970 Nous
3850 4949 3924 4970 vous
3952 4947 4117 4974 convoque,

3346 4981 3416 5002 rons
3434 4976 3511 5001 mais
3530 4976 3565 5006 je
3583 4976 3652 5006 vous
3669 4975 3785 5005 supplie
3802 4974 4004 5000 retirez-vous.

3382 5019 3482 5052 Alors,
3504 5016 3777 5047 Yinlernationale
3796 5018 3934 5051 retentit,
3954 5017 4112 5053 puissant,

3346 5056 3378 5087 et
3394 5056 3426 5087 le
3442 5055 3555 5092 peuple
3574 5055 3637 5083 s'en
3657 5061 3697 5081 va
3716 5060 3837 5081 comme
3855 5056 3875 5083 à
3894 5056 4007 5089 regret.

3436 5121 3576 5219 CHEZ
3611 5121 3786 5219 JULES
3814 5136 4026 5214 BOESDE

3385 5263 3431 5296 Ce
3450 5263 3503 5295 fut
3522 5260 3563 5302 au
3584 5260 3726 5302 citoyen
3747 5260 3828 5302 Bon,
3842 5260 3970 5306 député
3989 5258 4026 5293 de
4045 5258 4118 5293 Cli-

3344 5303 3422 5342 chy,
3442 5311 3508 5343 que
3528 5302 3640 5334 revint
3657 5300 3690 5336 la
3712 5301 3807 5333 triste
3822 5292 3859 5337 et
3878 5292 4024 5337 délicate
4043 5292 4116 5337 mis-

3344 5343 3418 5378 sion
3437 5341 3642 5376 d'annoncer
3660 5337 3703 5373 au
3720 5336 3858 5379 citoyen
3878 5336 3977 5379 Jules
3997 5336 4116 5379 Guesde

3344 5381 3587 5415 l'abominable
3610 5380 3775 5414 nouvelle.

3385 5417 3519 5459 Quand,
3541 5421 3561 5453 à
3581 5421 3620 5453 10
3640 5421 3679 5453 h.
3698 5421 3756 5454 i/2,
3778 5419 3802 5451 il
3825 5419 3938 5458 arriva
3958 5428 4017 5451 rue
4038 5419 4114 5450 Sin-

3345 5461 3423 5501 ger,
3443 5461 3540 5501 Jules
3568 5460 3711 5499 Guesde,
3741 5460 3940 5499 gravement
3966 5457 4114 5495 malade,

3344 5502 3428 5534 était
3448 5501 3585 5534 couché.

3444 5540 3525 5573 Mon
3546 5539 3630 5577 ami,
3653 5539 3702 5571 dit
3724 5539 3808 5577 Bon,
3833 5547 3878 5570 un
3900 5538 4008 5577 grand
4030 5536 4112 5570 mal-

3344 5581 3435 5614 heur
3458 5581 3549 5614 noua
3578 5580 3710 5619 frappe.
3740 5578 3861 5614 Jaurès
3889 5576 3983 5611 vient
4010 5577 4113 5609 d'être

3346 5621 3524 5656 assassiné.

3385 5660 3496 5698 Alors,
3515 5660 3552 5698 la
3576 5660 3717 5699 stupeur
3752 5659 3918 5697 s'empara
3942 5657 3983 5689 de
4018 5656 4114 5692 Jules

3344 5700 3489 5739 Guesde,
3521 5707 3588 5731 une
3618 5698 3755 5731 terrible
3785 5698 3869 5729 crise
3900 5697 3939 5729 de
3970 5696 4049 5728 toux
4081 5696 4114 5732 le

3342 5748 3477 5778 secoua,
3494 5748 3557 5779 par
3574 5739 3661 5773 deux
3678 5738 3756 5775 fois,
3774 5737 3903 5777 épuisé,
3920 5736 3942 5768 il
3960 5736 4110 5769 retomba

3344 5789 3403 5812 sur
3426 5788 3486 5812 son
3509 5776 3560 5811 lit.

3384 5812 3459 5852 Une
3478 5819 3582 5851 heure
3602 5818 3720 5858 après,
3740 5818 3877 5858 soutenu
3896 5823 3959 5856 par
3974 5824 4015 5848 sa
4033 5813 4111 5849 fille,

3344 5859 3367 5891 il
3398 5859 3540 5891 arrivait
3566 5867 3609 5890 en
3638 5859 3765 5890 larmes
3794 5858 3812 5889 à
3842 5855 4050 5887 l'Humanité
4078 5856 4110 5886 et

3333 5896 3416 5930 nous
3437 5896 3562 5930 disait
3583 5896 3666 5930 son.
3687 5896 3832 5930 immense
3854 5895 4018 5925 douleur.

3371 5947 3418 5996 La
3434 5947 3691 6001 répercussion
3712 5945 3804 5995 dans
3826 5942 3885 5998 les
3905 5942 4082 5998 quartiers

3644 6008 3816 6052 ouvriers

3378 6076 3423 6104 La
3441 6075 3575 6111 lugubre
3592 6075 3739 6104 nouvelle
3757 6074 3829 6102 s'est
3848 6072 4044 6108 rapidement
4061 6069 4106 6099 ré-

3342 6110 3471 6146 pandue
3490 6112 3570 6139 dans
3588 6109 3634 6138 les
3652 6110 3811 6145 quartiers
3830 6107 3974 6137 ouvriers
3992 6107 4028 6137 où
4044 6106 4107 6135 «Ile

3342 6153 3362 6173 a
3386 6147 3514 6182 produit
3538 6152 3599 6174 une
3622 6144 3760 6176 émottwn
3784 6144 3906 6172 intense
3925 6142 3957 6170 et
3980 6148 4042 6169 une
4065 6140 4106 6169 ef-

3342 6182 3540 6210 fervescence
3554 6181 3622 6209 très
3638 6180 3713 6208 vive.

3380 6218 3459 6246 Cest
3478 6216 3497 6244 à
3514 6216 3566 6246 dix
3586 6217 3700 6244 heures
3716 6215 3828 6250 qu'elle
3844 6220 3861 6242 a
3880 6212 3928 6242 été
3945 6213 4069 6243 connue
4090 6213 4111 6243 à

3344 6248 3511 6281 Belleville.
3542 6253 3681 6286 Presque
3706 6249 3840 6278 aussitôt
3864 6247 3895 6275 la
3922 6248 4008 6276 foule
4032 6249 4150 6280 s'est

3346 6286 3488 6315 amassée
3514 6286 3595 6314 dans
3620 6287 3664 6313 les
3688 6284 3825 6320 grandes
3848 6289 3923 6313 rues
3946 6282 3988 6310 du
4010 6289 4105 6324 quar-

3343 6323 3418 6356 tier
3437 6323 3512 6356 pour
3534 6321 3725 6349 commenter
3749 6318 3785 6347 le
3803 6318 3892 6347 lâche
3913 6319 4101 6346 assassinat.

3344 6358 3402 6386 Les
3422 6356 3550 6392 paroles
3572 6353 3778 6383 d'exécration
3801 6353 3831 6380 et
3853 6348 3890 6380 dé
3912 6352 4013 6381 colère
4037 6358 4105 6379 cou-

3345 6393 3447 6421 raient
3461 6393 3542 6420 dans
3556 6391 3601 6417 les
3616 6396 3761 6425 groupas.
3776 6387 3814 6422 La
3833 6387 3926 6422 place
3940 6387 4104 6418 Gambetta

3344 6427 3421 6456 était
3436 6425 3526 6455 noire
3544 6425 3580 6455 de
3593 6426 3713 6453 monde.'

3379 6458 3435 6492 Des
3454 6458 3675 6492 travailleurs
3694 6458 3731 6492 de
3750 6458 3787 6492 ce
3808 6456 3986 6492 quartier,
4006 6456 4105 6492 comme
4141 6451 4150 6476 1

3344 6493 3474 6533 pouiSHés
3497 6503 3556 6530 par
3579 6503 3620 6524 un
3645 6494 3811 6522 sentiment
3837 6491 3999 6524 instinctif,
4025 6489 4115 6518 dési-

3346 6540 3417 6561 reux
3441 6530 3532 6559 aussi
3551 6530 3588 6559 de
3605 6528 3767 6557 connaître
3786 6528 3832 6554 les
3853 6525 3964 6553 détails
3984 6526 4026 6553 du
4046 6525 4103 6552 cri-

3344 6575 3402 6596 me.
3421 6568 3497 6594 sont
3510 6564 3682 6593 descendus
3700 6570 3738 6590 en
3757 6560 3849 6589 masse
3868 6560 3941 6589 vers
3960 6560 3997 6589 la
4013 6557 4104 6595 place

3344 6597 3379 6631 de
3397 6597 3432 6631 la
3452 6600 3651 6635 République.
3677 6598 3715 6625 Et
3736 6597 3774 6625 ils
3794 6596 3932 6625 seraient
3949 6603 4028 6623 sans
4046 6595 4102 6623 nul

3344 6637 3438 6664 doute
3458 6636 3534 6664 allés
3555 6635 3624 6669 plus
3644 6633 3719 6667 loin,
3742 6633 3767 6659 si
3790 6632 3827 6658 de
3846 6630 3983 6665 grands?
4002 6629 4103 6658 forces

3344 6673 3381 6700 de
3408 6672 3507 6707 police
3531 6668 3729 6703 rapidement
3754 6666 3943 6694 mobilisée*
3957 6664 4104 6692 n'étaient

3344 6712 3514 6735 acoonrnfir
3533 6710 3614 6730 'our
3634 6703 3681 6730 les
3702 6699 3854 6729 contenir.
3880 6701 3918 6728 ï^s
3944 6700 4032 6733 place
4054 6698 4102 6726 n'a

3345 6742 3392 6770 été
3416 6736 3570 6773 orbiuv».-
3588 6736 3725 6773 qu'après
3743 6736 3812 6773 da<»
3834 6736 3966 6769 charfr»ss
3989 6732 4104 6762 vi-jJen-

3345 6778 3402 6808 tes.
3421 6776 3481 6805 Des
3498 6770 3713 6804 .>rt?3tation9
3730 6770 3780 6804 uat
3797 6770 3847 6804 été
3862 6769 3997 6805 opérées,

4188 478 4228 578 a
4270 461 4428 604 MBS
4481 461 4587 604 LA
4640 461 4956 604 PRESSE
4945 458 4954 476 r

4490 626 4642 656 .m

4368 687 4581 738 ï-'asmssinat
4599 687 4635 738 de
4654 703 4766 738 Jaurès

4216 742 4262 773 La
4282 745 4404 780 Guerre
4424 754 4543 787 Sociale
4562 760 4711 794 (Gustave
4730 765 4837 803 Hervé)

4182 790 4505 854 conte
4530 806 4642 838 viPères
4670 812 4740 846 qut,
4758 812 4862 846 denuis
4889 814 4940 841 det

4185 834 4266 878 anr~
4287 834 4428 878 sifdiez
4449 834 4510 878 sux
4524 838 4640 866 oreilles
4658 841 4693 866 de
4709 844 4776 869 tou~-
4805 849 4835 869 es
4853 843 4941 871 lIr;bé¡..

4185 861 4299 922 ~1a~g~~
4316 861 4349 922 ue
4366 861 4415 922 cet
4441 862 4555 892 botume
4580 868 4653 898 était
4681 871 4782 900 vendu
4848 873 4940 900 i`,~11~

4216 890 4312 941 Mais
4305 890 4388 947 lvous
4422 923 4465 950 lr,s
4488 929 4626 956 patrior,es
4649 925 4837 964 ilnti311gant,
4860 927 4923 966 paur

4183 912 4395 971 rez^L-i^i13'
4413 912 4466 971 les
4488 928 4627 956 Proies
4649 925 4837 964 intendants,
4860 934 4939 966 p:*u,

4182 946 4230 968 rez
4246 947 4252 970 i
4270 944 4309 970 La
4326 943 4342 984 H
4358 943 4438 984 ra~ce
4452 961 4470 981 a
4486 958 4576 987 perdu
4594 960 4620 986 Le
4636 963 4777 990 meilieui^'
4784 966 4813 990 et
4828 964 4854 991 le
4870 965 4927 997 plu~

4181 955 4302 1014 ar~tid
4323 955 4444 1014 de-ses
4465 955 4626 1014 énfanta.
4636 953 4788 997 me1J.leu.r
4804 953 4865 997 e~le
4881 953 4942 997 Plia

4239 1005 4290 1032 Mais
4313 1014 4394 1042 vous,
4411 1014 4460 1042 ies
4480 1018 4572 1045 mères
4594 1021 4629 1047 de
4649 1022 4759 1050 Frs.nee
4790 1025 4938 1058 plaUM

4180 1031 4230 1096 vas
4247 1031 4297 1096 f~s
4314 1031 4364 1096 ont
4381 1031 4480 1096 pex.du
4497 1031 4580 1096 celui
4597 1031 4663 1096 qui,
4680 1031 4779 1096 depuls
4796 1031 4862 1096 dlJC
4879 1031 4945 1096 atis

4218 1065 4247 1090 la
4265 1069 4322 1095 tête
4342 1070 4379 1098 de
4397 1077 4480 1102 notre
4500 1078 4577 1105 Parti
4606 1086 4624 1107 a
4642 1083 4669 1109 le
4690 1085 4754 1115 plus
4773 1085 4843 1112 lutté
4862 1091 4938 1119 ~ur

4939 1095 4940 1150 Leur
4941 1095 4943 1150 éviter
4944 1095 4946 1150 J'barreur
4947 1095 4948 1150 de
4949 1095 4950 1150 La
4951 1095 4952 1150 1>0,
4955 1095 4957 1150 ucl1"
4958 1095 4959 1150 ene
4960 1095 4961 1150 qui
4962 1095 4964 1150 non.

4181 1132 4311 1154 menace.

4180 1157 4277 1209 ^«ous
4297 1157 4355 1209 mas
4375 1157 4511 1209 pauvres
4524 1169 4598 1198 amis
4614 1175 4786 1208 socialistes,
4805 1182 4840 1203 ne
4857 1177 4946 1210 pieu-

4180 1189 4259 1247 aroüs
4275 1189 4338 1247 .pas
4398 1197 4412 1225 1
4426 1197 4481 1225 h6we
4534 1202 4609 1229 n'est
4633 1206 4687 1235 pas
4714 1204 4766 1239 aux
4784 1204 4922 1239 géaaaae-

4180 1223 4283 1247 mRnt9,

4335 1247 4425 1290 raSSjJm'ÏSf
4434 1247 4459 1290 JP^
4544 1267 4659 1292 surtout
4672 1267 4798 1294 **>"«•«
4816 1274 4893 1300 pour
4906 1268 4948 1296 *•

4178 1285 4310 1308 moment
4329 1290 4372 1315 vos
4387 1290 4458 1315 'cti8
4472 1291 4508 1317 de
4524 1297 4594 1324 rage
4606 1299 4638 1323 et
4656 1302 4707 1324 vos
4722 1298 4894 1330 J'Ug1.S.E:aitUl,
4904 1298 4933 1330 t,a
4944 1298 4954 1326 °,

4177 1310 4213 1336 de
4236 1313 4340 1340 colère.
4472 1291 4567 1324 rage
4591 1291 4639 1324 et
4656 1302 4707 1324 vos
4723 1284 4933 1332 IU8l»6a»eBU

4198 1341 4295 1374 ,>OUI"
4312 1341 4377 1374 vous
4400 1352 4482 1377 aviez
4505 1352 4622 1386 misoa.
4642 1352 4701 1386 mes
4724 1355 4799 1391 amss,
4814 1355 4903 1391 qugrad

4177 1377 4256 1399 vous
4276 1376 4393 1406 suiv1ez
4410 1376 4444 1406 la
4470 1384 4579 1411 voiture
4604 1387 4725 1414 funèbre
4749 1389 4798 1420 qui
4825 1390 4933 1420 ponais

4177 1405 4230 1427 son
4262 1406 4390 1435 cadavre
4421 1415 4524 1440 encore
4553 1416 4655 1448 cbautJ.
4686 1418 4722 1444 de
4750 1420 4826 1449 crier
4854 1420 4954 1450 laie-

4176 1433 4284 1465 Mon
4306 1446 4316 1457 «
4338 1439 4551 1474 P\ve,Jaurôs
4573 1447 4640 1472 vive
4660 1449 4747 1476 Jawôs
4837 1450 4956 1477 Hv*L

4178 1463 4309 1512 Prâti;
4331 1463 4375 1512 f.
4397 1472 4462 1500 plus
4486 1476 4584 1500 vivant
4607 1483 4661 1508 que
4682 1479 4798 1508 jamais.

4174 1494 4304 1540 d»^1L
4330 1494 4460 1540 raUe-
4480 1504 4501 1529 n
4522 1511 4591 1531 voua
4609 1508 4699 1539 parle.
4720 1506 4791 1539 Vou*
4809 1506 4932 1539 "enten-

4174 1524 4223 1551 dez
4240 1524 4257 1551 ?
4282 1526 4360 1554 Vous
4388 1534 4590 1561 reconnaissez
4617 1543 4650 1562 sa
4678 1539 4759 1570 vojx,
4782 1540 4857 1574 vous
4876 1540 4932 1574 mji

4186 1560 4265 1594 avez
4285 1560 4442 1594 entendue
4462 1566 4531 1591 tant
4549 1566 4584 1591 de
4606 1567 4663 1593 fois
4686 1569 4760 1595 dans
4784 1568 4847 1597 vos
4868 1568 4931 1597 met
4950 1580 4956 1597 c

4173 1587 4250 1619 tings
4266 1587 4282 1619 ?
4302 1587 4382 1616 Vous
4402 1594 4605 1622 reconnaissez
4628 1603 4679 1623 son
4702 1600 4927 1632 enseignement,

4174 1623 4247 1644 vous
4266 1619 4314 1650 qui
4330 1619 4425 1650 .savez
4442 1624 4507 1649 bien
4525 1630 4669 1653 oouiaitni
4686 1629 4706 1654 il
4725 1630 4821 1656 savait
4837 1631 4927 1657 conr-i-

4174 1648 4232 1675 aer
4252 1648 4329 1675 oane
4350 1655 4404 1676 son
4426 1658 4547 1680 cerveau
4570 1657 4704 1688 puissant
4725 1665 4757 1685 ce
4776 1666 4832 1691 que
4854 1666 4926 1686 oou*

4173 1677 4285 1705 devons
4306 1680 4324 1706 à
4346 1681 4375 1707 la
4398 1684 4466 1714 paix
4488 1688 4515 1710 et
4534 1685 4551 1711 à
4571 1683 4752 1718 l'humanité,
4772 1689 4793 1717 à
4814 1689 4855 1717 ce
4873 1696 4956 1725 <rut

4174 1711 4251 1739 nous
4271 1711 4386 1739 devons
4402 1713 4419 1740 à
4436 1713 4470 1740 la
4489 1717 4582 1746 patrie
4596 1717 4602 1741 t

4206 1739 4329 1768 Ecoutez
4344 1743 4498 1770 Ecoutez
4513 1747 4520 1771 l
4538 1747 4754 1777 Reeonnaissea
4774 1756 4809 1777 sa
4830 1751 4899 1781 val*
4917 1756 4927 1779 i

4174 1771 4275 1795 Mes
4300 1773 4386 1804 amis.
4414 1780 4476 1801 mes
4501 1777 4626 1810 enfants,
4653 1779 4681 1805 la
4708 1781 4801 1811 pairie
4823 1781 4869 1811 asî
4888 1784 4930 1812 ts

4173 1799 4294 1832 danger.

4196 1832 4218 1857 «
4240 1832 4284 1857 Es
4309 1834 4401 1860 m'ont
4426 1838 4563 1866 assassiné
4595 1841 4606 1867 l:

4204 1863 4235 1889 'a
4251 1863 4282 1889 En
4306 1864 4430 1891 voulant
4452 1873 4497 1893 me
4522 1871 4635 1901 venger,
4652 1871 4861 1901 n'assassinez-
4878 1871 4927 1901 &a»

4170 1893 4210 1921 la,
4223 1894 4319 1925 patrie
4334 1895 4341 1919 I
4364 1904 4387 1920 »

4210 1945 4254 1972 La
4278 1948 4379 1977 Petite
4405 1949 4597 1986 République,
4622 1951 4794 1988 (édltcrial)
4879 1965 4898 1976 ••

4204 2001 4243 2027 La
4259 2007 4338 2029 mort
4354 2007 4389 2032 de
4406 2007 4518 2037 Jaurès,
4536 2010 4604 2036 c'est
4621 2016 4660 2037 un
4677 2012 4754 2038 deuil
4774 2006 4905 2039 national

4173 2031 4212 2057 En
4233 2033 4285 2065 lui,
4302 2033 4335 2059 'la
4354 2037 4463 2064 Francs
4482 2040 4551 2070 perd
4570 2041 4597 2067 le.
4614 2042 4681 2072 plus
4697 2042 4792 2075 grand
4810 2044 4924 2070 orateui
4948 2048 4954 2053 `

4169 2063 4221 2089 des
4238 2065 4329 2099 temps
4348 2065 4493 2099 modernes
4545 2071 4604 2097 elle
4618 2070 4717 2101 pleure
4734 2074 4815 2100 aussi
4834 2079 4874 2099 un
4890 2073 4923 2099 de

4170 2098 4217 2118 ses
4245 2093 4293 2119 fils
4320 2099 4430 2128 auquel
4456 2104 4493 2124 on
4522 2100 4641 2131 pouvait
4669 2102 4859 2133 uniquement
4886 2108 4923 2130 ro

4170 2125 4295 2151 procher
4322 2127 4358 2152 de
4385 2128 4451 2160 trop
4478 2130 4652 2161 généreuses
4678 2133 4842 2162 illusions,
4859 2133 4925 2162 mail

4172 2152 4242 2179 dont
4258 2155 4287 2180 la
4306 2158 4428 2189 probité,
4448 2160 4474 2186 le
4490 2161 4778 2193 dé=L7iteressefneriî.,
4792 2161 4820 2193 la
4836 2163 4923 2190 sincé-

4170 2184 4226 2208 rité
4248 2185 4334 2210 tirent
4356 2188 4510 2215 l'honneur
4530 2194 4568 2216 du
4592 2192 4764 2218 ParK-ment.

4201 2214 4292 2244 Tous,
4311 2214 4384 2244 amis
4403 2214 4440 2244 ou
4453 2220 4644 2252 adversaires
4662 2228 4735 2248 nous
4749 2221 4845 2249 étions
4858 2222 4925 2250 fiers

4169 2245 4205 2270 de
4224 2245 4277 2275 lui.
4300 2253 4415 2273 comme
4434 2249 4520 2275 d'une
4540 2251 4576 2276 de
4598 2257 4651 2277 nos
4670 2251 4778 2282 gloires
4797 2254 4846 2286 les
4863 2254 4928 2286 pics

4170 2280 4266 2306 pures.
4298 2277 4441 2309 Lorsqu'il
4486 2280 4653 2308 descendait
4681 2283 4716 2308 iie
4744 2284 4772 2308 la
4800 2283 4925 2313 tribune,

4168 2307 4258 2336 après
4273 2313 4323 2333 ces
4341 2308 4560 2337 merveilùeuses
4577 2311 4694 2339 envolées
4709 2311 4768 2339 'ofi
4786 2315 4815 2340 la
4833 2315 4924 2347 splen-

4170 2336 4241 2361 deur
4266 2338 4306 2364 du
4336 2340 4422 2366 verbe
4446 2343 4555 2367 servait
4582 2348 4637 2368 une
4662 2346 4768 2374 pensée
4793 2336 4925 2375 toujours

4170 2367 4256 2392 noble
4282 2371 4309 2394 et
4336 2375 4393 2395 une
4418 2372 4605 2402 prodigieuse
4630 2372 4785 2404 érudition.
4812 2374 4860 2402 Ie3
4876 2374 4924 2402 ap-

4169 2396 4420 2427 plaudissements
4449 2407 4480 2427 se
4512 2402 4650 2428 taisaient
4681 2406 4843 2429 unn.nirr.e3.
4874 2405 4923 2430 S'i2

4168 2427 4378 2461 n'emportait
4398 2427 4456 2461 pas
4490 2432 4623 2462 toujours
4664 2433 4824 2459 l'adhésion
4848 2435 4867 2460 à
4886 2435 4924 2460 sa

4166 2457 4259 2490 thèse,
4285 2459 4390 2489 jamais
4408 2459 4443 2489 i!
4466 2467 4502 2486 ne
4528 2462 4642 2488 laissaû
4666 2462 4858 2490 indifférents
4874 2464 4922 2491 fai

4166 2488 4322 2515 auditeurs
4342 2490 4393 2521 qui
4417 2491 4570 2517 rendaient
4592 2492 4747 2525 hommage
4768 2495 4784 2520 à
4805 2500 4839 2520 sa
4858 2497 4923 2521 con-

4168 2519 4277 2544 viction
4297 2522 4325 2546 et
4346 2519 4365 2546 à
4384 2519 4439 2546 son
4457 2522 4551 2553 génie.

4199 2548 4237 2573 Sa
4254 2551 4367 2580 grande
4388 2553 4456 2577 voix
4473 2553 4540 2577 s'est
4556 2555 4605 2578 tue
4621 2554 4812 2584 maintenant,
4830 2554 4923 2582 étraa,

4165 2577 4232 2608 glee
4249 2583 4303 2610 par
4318 2581 4402 2606 l'acte
4420 2583 4610 2609 monstrueux
4628 2584 4696 2610 d'un
4714 2585 4763 2612 fou
4780 2585 4925 2612 criminel.

4168 2607 4231 2634 Elle
4246 2614 4284 2634 ne
4300 2609 4440 2636 s'élèvera
4458 2611 4528 2643 plus
4546 2611 4616 2643 pour
4630 2614 4658 2639 la
4674 2614 4726 2640 déU
4744 2614 4796 2640 nse
4810 2612 4853 2647 dès
4868 2612 4925 2647 jâp-

4166 2639 4266 2668 primés
4318 2640 4375 2665 elle
4394 2645 4431 2666 ne
4450 2643 4586 2668 retentira
4606 2643 4672 2676 plus
4690 2650 4764 2675 pour
4782 2645 4828 2676 les
4844 2645 4921 2676 gran-

4166 2666 4219 2697 des
4237 2666 4342 2697 causes
4358 2671 4394 2696 de
4412 2672 4517 2702 Justice
4534 2673 4607 2699 dont
4624 2674 4642 2700 il
4662 2675 4715 2705 fui,
4734 2676 4769 2702 en
4787 2676 4839 2702 des
4858 2675 4921 2702 heu-

4168 2703 4215 2722 res
4233 2699 4440 2731 Inoubliables,
4462 2702 4488 2727 Le
4509 2703 4575 2733 plus
4592 2705 4739 2734 opiniâtre
4757 2705 4920 2738 eftampiOA

4197 2727 4235 2753 Ce
4253 2733 4328 2756 nous
4346 2734 4391 2757 est
4409 2738 4466 2757 une
4482 2731 4607 2759 douleur
4624 2740 4679 2766 que
4697 2734 4783 2761 notre
4801 2734 4921 2761 émotios

4168 2762 4244 2783 nous
4262 2760 4337 2784 rend
4358 2763 4552 2793 impuissants
4572 2765 4594 2789 à
4609 2765 4764 2795 exprimer.

4201 2811 4246 2839 La
4269 2811 4463 2846 République
4481 2813 4643 2848 française
4664 2817 4718 2851 (M.
4740 2816 4894 2853 Spronck)
4913 2823 4923 2850 f

4197 2868 4219 2891 A
4238 2868 4373 2895 l'instant
4393 2871 4495 2901 même,
4517 2877 4591 2898 nous
4610 2877 4778 2903 apprenons
4794 2871 4921 2901 J'aboml-

4166 2897 4254 2922 nable
4278 2901 4443 2926 assassinat
4466 2902 4502 2927 de
4526 2901 4628 2928 Jaurès
4652 2908 4705 2934 par
4730 2905 4769 2930 un
4789 2905 4923 2930 inconns

4166 2926 4248 2958 dont,
4270 2933 4345 2959 pour
4365 2931 4520 2959 l'honneur
4541 2933 4579 2958 du
4602 2938 4684 2963 pars,
4706 2934 4778 2960 nous
4796 2934 4922 2960 voulon»

4166 2959 4286 2989 espérer
4302 2955 4376 2990 qu'il
4391 2955 4435 2990 est
4452 2968 4490 2988 un
4510 2958 4647 2994 vulgaire
4665 2958 4785 2994 dément.
4802 2963 4919 2990 L'assa»

4166 2989 4254 3019 sinat,
4281 2996 4319 3015 en
4346 2992 4444 3017 toutes
4470 2993 4695 3023 circonstances,
4722 2996 4776 3025 est
4794 2996 4920 3025 toujoun

4166 3025 4205 3045 un
4222 3020 4314 3046 crime
4330 3026 4403 3046 sans
4418 3028 4515 3052 excuse
4561 3024 4636 3049 dans
4650 3025 4694 3050 les
4710 3025 4893 3051 circonstancei

4164 3055 4221 3081 que
4241 3056 4317 3076 nous
4336 3053 4515 3082 traversons,
4534 3053 4665 3084 lorsqu'il
4686 3060 4721 3079 ne
4740 3055 4800 3081 doit
4818 3055 4885 3087 plus
4902 3055 4919 3087 3

4166 3081 4254 3109 avoir
4280 3083 4363 3107 entre
4394 3088 4469 3108 nous-
4498 3084 4534 3109 de
4565 3084 4713 3110 discordes
4757 3085 4918 3116 politiques

4166 3110 4349 3137 l'assassinat
4372 3114 4508 3148 apparaît
4529 3119 4633 3139 encore
4654 3115 4721 3145 plus
4741 3114 4886 3144 criiuiaet-
4901 3114 4930 3144 et

4165 3144 4273 3167 encore
4297 3143 4363 3172 plus
4388 3143 4508 3178 indigne
4532 3145 4619 3170 d'être
4641 3145 4803 3176 pardomié.

4197 3171 4255 3197 Par
4273 3172 4418 3203 malheur,
4440 3172 4539 3203 dit-on,
4559 3176 4587 3200 la
4608 3175 4677 3200 tciU-
4696 3177 4739 3201 est
4757 3176 4951 3206 cuntaeteo

4162 3207 4203 3227 se.
4234 3203 4328 3232 Alors,
4358 3203 4377 3228 à
4404 3205 4469 3229 tous
4496 3210 4567 3229 ceux
4596 3205 4645 3239 qui
4676 3206 4726 3229 ont
4754 3205 4919 3234 eonscienc*

4166 3232 4200 3257 de
4221 3233 4252 3258 la
4273 3234 4390 3265 gravité
4412 3234 4447 3259 de
4468 3233 4576 3260 l'heure
4606 3235 4629 3260 il
4652 3236 4823 3265 appartient
4839 3235 4919 3262 ji"eo

4166 3263 4269 3298 loyer
4288 3265 4368 3289 leurs
4386 3265 4539 3294 suprêmes
4554 3264 4658 3290 efforts
4677 3270 4752 3296 pour
4770 3266 4869 3291 tacher
4888 3267 4921 3291 da

4164 3292 4274 3318 limiter
4294 3294 4328 3324 la
4345 3294 4494 3324 contagion
4546 3295 4567 3319 il
4589 3295 4652 3320 Leur
4674 3296 4840 3326 appartient
4858 3301 4922 3322 sur.

4164 3325 4228 3348 tout
4245 3324 4280 3348 de
4297 3324 4421 3355 prêcher
4438 3325 4598 3355 d'exemple
4614 3327 4649 3353 et,
4668 3324 4748 3350 selon
4766 3326 4792 3350 le
4810 3330 4871 3351 mot
4886 3326 4956 3358 de

4165 3354 4329 3379 Gambetta,
4358 3354 4375 3380 «
4392 3354 4524 3380 d'élever
4564 3355 4643 3381 leurs
4684 3356 4764 3380 Invw
4789 3358 4845 3381 -;i
4864 3358 4957 3381 ist:i

4165 3390 4261 3410 coeurs
4281 3384 4297 3410 à
4318 3375 4346 3410 la
4368 3385 4494 3411 hauteur
4514 3385 4548 3410 de
4568 3385 4594 3410 la
4616 3385 4765 3412 situation.
4787 3391 4822 3410 «;
4842 3386 4920 3410 sru,j>

4149 3415 4229 3442 trnnt
4245 3415 4309 3442 î.*y
4333 3414 4441 3442 monde
4462 3420 4495 3440 ce
4518 3416 4611 3445 qu'est
4636 3420 4674 3440 un
4698 3415 4794 3446 graiiii
4817 3410 4956 3446 ptsui««

4165 3443 4220 3476 qui
4239 3443 4276 3476 ne
4293 3444 4363 3468 veut
4381 3448 4437 3474 pas
4454 3446 4566 3470 mourir
4586 3453 4607 3470 »,

4202 3489 4356 3518 L'Aurore
4380 3490 4432 3522 (M.
4458 3491 4473 3519 M
4488 3491 4518 3519 as
4533 3491 4548 3519 i
4563 3491 4593 3519 me
4612 3488 4795 3520 Vuillauin^ï

4197 3546 4237 3572 La
4254 3547 4320 3580 mort
4337 3547 4370 3580 de
4387 3547 4502 3580 Jaurès,
4519 3547 4568 3580 qui
4582 3548 4731 3574 arrachait
4748 3547 4800 3574 des
4816 3548 4921 3575 larme*

4162 3577 4179 3602 à
4194 3579 4263 3603 tous
4278 3583 4354 3603 ceux
4370 3584 4427 3609 que
4442 3584 4516 3604 nous
4531 3584 4624 3604 avons
4640 3585 4693 3604 vus
4710 3579 4787 3611 après
4803 3579 4925 3611 l'atten-

4162 3608 4213 3637 tat,
4234 3608 4296 3634 doit
4316 3609 4377 3632 être
4397 3613 4472 3639 pour
4489 3609 4555 3633 tous
4575 3614 4614 3633 un
4633 3609 4862 3639 enseignement.
4875 3608 4953 3635 La

4162 3639 4252 3664 crime
4270 3638 4332 3664 doit
4348 3641 4423 3664 nous
4442 3641 4572 3664 montrer
4586 3644 4689 3664 encore
4706 3644 4764 3664 une
4781 3639 4856 3669 fois
4875 3639 4950 3669 que,

4162 3668 4237 3694 dans
4256 3668 4303 3694 les
4319 3668 4412 3694 luttes
4426 3668 4478 3693 des
4496 3668 4600 3699 partis
4653 3674 4703 3693 car
4722 3670 4790 3694 c'esî
4809 3673 4847 3695 uh
4867 3670 4920 3694 cri«

4164 3705 4208 3724 me
4230 3699 4267 3724 de
4289 3699 4377 3729 parti,
4400 3698 4417 3723 à
4438 3699 4535 3723 moins
4557 3704 4613 3735 que
4633 3697 4799 3729 l'assassin
4816 3697 4850 3729 ne
4867 3697 4934 3729 soif

4163 3735 4202 3755 un
4224 3728 4260 3754 de
4281 3734 4329 3754 ces
4350 3728 4417 3754 fous
4437 3729 4613 3759 effroyables
4631 3728 4684 3759 <xui
4698 3728 4856 3759 tr.v-gent
4870 3728 4910 3759 des
4946 3720 4956 3757 `

4164 3759 4323 3784 situations
4350 3758 4517 3783 troublées
4580 3764 4613 3784 ce
4640 3759 4730 3783 cnrri-;
4757 3759 4817 3783 .;&'•
4846 3763 4920 3786 r»oiii
4946 3757 4956 3777 ·

4164 3791 4295 3814 montrer
4322 3789 4351 3814 le
4380 3787 4493 3819 danger
4522 3788 4574 3814 des
4601 3789 4794 3815 accusauo.s
4811 3789 4844 3815 -s
4870 3788 4956 3814 des

4162 3819 4335 3849 calomnies,
4360 3818 4478 3844 lancées
4500 3818 4611 3849 parfois
4633 3824 4706 3845 avec
4725 3824 4780 3845 une
4799 3824 4926 3845 iaaxcur

4162 3850 4245 3876 sable
4266 3851 4304 3881 et,
4325 3854 4363 3875 on
4386 3849 4414 3874 le
4436 3850 4503 3879 voit,
4525 3854 4582 3874 une
4602 3848 4753 3879 cnnune;ie
4770 3848 4921 3879 légèreté*
4942 3846 4956 3877 ̃

4162 3880 4241 3908 Hélas
4303 3877 4401 3911 quelle
4430 3878 4543 3909 îép&nse
4620 3877 4636 3904 A
4652 3877 4700 3904 eus
4728 3881 4757 3904 «
4786 3879 4957 3905 eBn«in!a

4161 3911 4307 3945 pleurent,
4332 3914 4407 3934 nous
4432 3913 4468 3934 en
4492 3914 4619 3933 sommes
4644 3910 4717 3936 sûrs
4743 3914 4796 3933 jut
4820 3914 4844 3932 e
4881 3907 4918 3933 té»

4162 3941 4274 3972 pouille
4302 3940 4339 3965 de
4369 3938 4444 3964 celui
4474 3937 4544 3963 dont
4572 3938 4610 3963 ils
4638 3937 4752 3969 c'éuousa
4767 3937 4839 3969 c.
4868 3942 4919 3968 pas

4162 3972 4259 3997 toutes
4278 3969 4322 3996 les
4342 3968 4536 3999 convictions,
4556 3970 4631 3994 mais
4652 3968 4737 3999 cprùa
4756 3970 4956 3996 rtjoanriis-
4945 3965 4957 3996 i·

4162 4001 4258 4027 saient
4282 4002 4352 4026 tous
4376 3998 4489 4025 comme
4514 3999 4540 4023 le
4566 3999 4631 4030 plus
4656 3998 4778 4027 sincère,
4802 3998 4829 4023 ie
4854 3998 4919 4032 ç-laa
4947 3997 4956 4024 i

4161 4032 4252 4062 loyal,
4278 4031 4306 4055 le
4330 4030 4397 4061 plus
4424 4029 4595 4054 fermement
4621 4027 4789 4056 a'ach-5
4806 4027 4857 4056 aux
4874 4027 4958 4056 iuées

4162 4059 4232 4094 qu'il
4261 4060 4422 4086 défendait.
4450 4059 4490 4084 La
4514 4058 4632 4092 tribune
4658 4062 4729 4088 perd
4757 4058 4825 4083 .:•
4839 4058 4920 4083 Jaurès

4162 4093 4222 4118 l'un
4252 4091 4288 4116 de
4317 4090 4390 4115 ceux
4418 4089 4469 4120 qui
4498 4089 4541 4113 lui
4569 4089 4620 4113 ont
4648 4088 4789 4118 nzï^r'.s
4807 4088 4825 4118 U
4853 4087 4919 4117 çïôs

4161 4122 4273 4149 d'éclat.
4298 4122 4337 4146 La
4356 4118 4543 4152 République
4564 4122 4593 4144 et
4614 4118 4642 4144 la
4666 4116 4797 4149 F.'ljjc?
4814 4116 4929 4149 perôent

4160 4159 4197 4180 en
4222 4153 4263 4178 lui
4288 4152 4350 4178 l'un
4374 4149 4410 4176 de
4434 4150 4513 4175 leurs
4536 4148 4583 4174 aïs
4606 4149 4649 4174 les
4670 4149 4739 4179 p>w>
4761 4149 4920 4181 juâiemcut

4162 4182 4299 4210 admirés.

4140 4222 4363 4361 sur
4438 4222 4513 4361 m
4588 4222 4959 4361 mnmmm

4164 4426 4251 4467 Une
4268 4422 4381 4464 foule
4398 4424 4589 4461 immense
4605 4426 4648 4460 et
4668 4419 4799 4459 calme
4814 4419 4923 4460 dont

4270 4477 4340 4526 son
4364 4477 4549 4526 ensemble
4573 4477 4597 4526 y
4621 4477 4645 4526 a
4650 4477 4800 4517 circulé

4382 4543 4497 4578 toute
4513 4535 4555 4575 la
4571 4536 4699 4575 soirée

4198 4603 4284 4634 C'est
4302 4603 4337 4634 la
4357 4600 4442 4628 foule
4465 4599 4520 4626 des
4541 4596 4642 4632 Jour?!
4659 4596 4693 4632 de
4714 4596 4776 4626 fête
4797 4584 4921 4637 oïî-Is»
4939 4584 4957 4637 j

4160 4635 4250 4672 jours
4268 4635 4304 4672 de
4322 4635 4447 4672 fièvre,
4501 4633 4531 4661 la
4550 4632 4678 4667 £:r2.;ïd<
4690 4632 4772 4667 .'ovit;
4790 4632 4832 4668 où
4853 4632 4916 4668 ter
4937 4632 4958 4668 •
4942 4638 4956 4661 -ï

4162 4676 4208 4701 tes
4226 4670 4277 4700 les
4294 4670 4411 4700 classes
4427 4669 4498 4696 sont
4514 4668 4638 4696 mêlées
4694 4668 4757 4701 trii,
4777 4667 4796 4701 à
4815 4667 4924 4701 parti*
4945 4674 4954 4711 'a

4162 4710 4201 4738 de
4216 4708 4287 4735 huit
4305 4706 4421 4733 heures
4440 4709 4469 4732 et
4486 4704 4611 4738 jusqu'à
4625 4709 4689 4731 une
4706 4703 4803 4730 i-.eure
4821 4699 4954 4729 a.'aa»

4140 4744 4213 4771 cée
4240 4741 4336 4769 de
4361 4739 4442 4774 nuit,
4469 4738 4601 4768 descend
4629 4738 4659 4765 et
4682 4735 4843 4768 s'amasse
4864 4735 4925 4768 sui

4160 4777 4217 4813 les
4236 4777 4350 4813 grands
4370 4775 4569 4803 boulevards.
4947 4784 4953 4794 <

4194 4812 4216 4840 A
4238 4812 4324 4840 neuf
4346 4811 4470 4842 heuras,
4496 4810 4567 4839 c'est,
4589 4815 4654 4838 ubjo
4674 4806 4825 4836 véritab>-
4849 4812 4918 4840 Jae*

4160 4847 4313 4876 humaine
4330 4846 4385 4880 qui
4404 4843 4520 4872 s'étend
4541 4848 4571 4872 et
4587 4852 4621 4875 se
4642 4843 4767 4871 dérouic
4785 4849 4841 4876 ^«^
4863 4849 4916 4871 va»
4932 4839 4951 4871 ;s

4160 4875 4239 4918 gués
4260 4880 4402 4915 inégaies
4422 4879 4459 4906 de
4478 4879 4510 4906 la
4532 4879 4619 4917 piact
4640 4877 4678 4905 de
4700 4876 4837 4912 i'Op-
4851 4876 4879 4912 ̃&
4893 4876 4921 4912 la

4160 4918 4250 4953 place
4293 4916 4333 4944 de
4361 4915 4391 4942 la
4436 4914 4636 4948 RepuJbliqu,2.
4667 4913 4746 4941 C't'ui
4774 4913 4793 4940 '.̃
4834 4911 4938 4940 cèît«

4160 4953 4241 4981 cette
4258 4949 4401 4980 heure-là
4420 4949 4530 4984 qu'elle
4550 4949 4603 4976 bat
4618 4955 4676 4976 sion
4698 4948 4789 4982 pdei^.

4194 4987 4322 5015 Comme
4341 4983 4393 5019 lea
4411 4983 4498 5019 jours
4516 4983 4741 5019 précàûfeiit^,
4759 4983 4829 5019 c«st
4847 4983 4899 5019 àur
4917 4983 4952 5019 1*

4160 5019 4330 5051 boulevard
4354 5018 4574 5048 Poissoûii'itre
4593 5019 4643 5052 oi.
4666 5018 4801 5050 (kvoiit
4821 5018 4860 5050 le
4880 5018 4957 5050 Afa»

4160 5058 4206 5086 tin
4224 5058 4257 5086 et
4277 5063 4338 5084 aux
4358 5054 4474 5083 abords
4494 5055 4548 5082 des
4567 5054 4757 5082 devanture?
4778 5054 4887 5082 éeletan»

4158 5095 4215 5126 tes,
4241 5091 4278 5120 où
4302 5091 4375 5126 peut
4394 5091 4557 5126 s'insenrs
4576 5096 4612 5116 «n
4634 5089 4742 5116 letî.'c?
4762 5089 4914 5120 ïiaitciJûS

4158 5135 4214 5156 sur
4232 5126 4288 5154 des
4307 5126 4418 5154 cadres
4433 5121 4525 5153 Meus,
4544 5121 4581 5153 ia
4596 5123 4741 5157 sup:-êai«
4757 5124 4788 5149 al
4805 5128 4914 5156 aogoi^

4158 5165 4250 5191 santé
4270 5158 4438 5192 nouvelle,
4492 5158 4565 5192 c'est
4580 5158 4624 5192 la,
4639 5158 4683 5192 'en
4700 5163 4741 5184 \xz
4764 5157 4857 5192 Sarge
4876 5157 4914 5192 &^

4158 5203 4305 5233 pa«e,sur
4322 5197 4368 5224 les
4382 5197 4461 5221 deus
4478 5193 4618 5221 trottoirs
4634 5195 4664 5221 et
4678 5199 4735 5219 sur
4752 5192 4782 5219 la
4798 5194 4912 5219 chaus-

4158 5233 4220 5267 sée,
4245 5238 4307 5267 que
4328 5237 4363 5256 se
4388 5230 4497 5256 trouve
4518 5228 4551 5255 ie
4572 5225 4686 5255 •«'ntre
4704 5228 4757 5255 îi-a
4771 5228 4798 5255 ia
4822 5227 4911 5257 vasta

4158 5264 4418 5303 agglomération.

4194 5304 4219 5335 11
4238 5308 4258 5337 y
4276 5300 4294 5328 a
4312 5300 4348 5328 là
4365 5305 4425 5326 uiw
4442 5298 4526 5326 force
4544 5297 4720 5332 5iap.33ai!t«
4754 5298 4792 5327 de
4809 5297 4910 5333 polies

4160 5339 4245 5374 p,rête
4270 5336 4289 5364 à
4316 5335 4407 5370 parar
4430 5332 4450 5360 à
4474 5334 4574 5361 toutes
4598 5334 4643 5361 ies
4667 5332 4878 5362 évccijjaîitée
4895 5332 4912 5362 ?

4158 5377 4182 5404 A
4214 5371 4332 5408 quelles
4362 5367 4465 5399 évtjiiu
4480 5367 4598 5399 alites..
4632 5368 4716 5396 Cette
4748 5368 4839 5399 foule
4858 5368 4913 5399 es*

4158 5409 4259 5440 calme
4274 5406 4359 5433 dans
4380 5411 4422 5431 un
4444 5403 4608 5432 eœea\bte,
4628 5404 4689 5437 oui
4722 5404 4822 5437 aime,
4844 5404 4913 5433 très

4157 5444 4258 5473 calme
4277 5442 4305 5469 et
4324 5444 4443 5466 nommo
4462 5437 4625 5465 ietueiili?.

4182 5474 4241 5507 Un
4260 5475 4361 5512 t-rand
4380 5473 4463 5503 bruit
4481 5473 4518 5501 ce
4536 5472 4636 5507 temps
4653 5472 4673 5500 à
4690 5473 4774 5504 autre
4791 5473 4908 5504 s'éièvs

4157 5514 4271 5544 devant
4289 5512 4317 5539 le
4336 5508 4460 5540 trottoir
4478 5509 4519 5535 du
4538 5508 4650 5543 Matin,
4670 5516 4711 5536 av.
4729 5510 4817 5543 point
4834 5508 4907 5539 d'et»

4158 5551 4351 5578 fervea?ence
4374 5543 4410 5570 de
4432 5543 4508 5570 cette
4530 5543 4622 5570 foule.

4190 5584 4266 5619 Quel
4288 5581 4336 5611 est
4357 5580 4392 5608 le
4410 5580 4479 5608 sens
4498 5578 4535 5609 de
4554 5578 4591 5609 ce
4610 5578 4701 5609 :rc:t
4721 5580 4759 5609 où
4820 5581 4845 5609 en
4864 5588 4904 5610 ne

4156 5620 4271 5657 perçoit
4310 5622 4434 5645 aucune
4473 5614 4582 5649 parais
4601 5614 4620 5649 ?
4656 5616 4810 5645 Pt;ut-êxxe
4850 5616 4903 5645 des

4154 5656 4250 5684 huées
4266 5653 4287 5682 à
4302 5651 4450 5681 l'adresse
4469 5651 4506 5679 de
4521 5652 4655 5686 quoique
4670 5653 4792 5686 citoyen
4810 5652 4907 5681 hardi

4150 5691 4202 5727 qui
4220 5691 4306 5727 s'est
4328 5685 4522 5717 timidement.
4545 5686 4684 5714 lamenté
4708 5688 4763 5715 sur
4782 5688 4819 5715 la
4842 5694 4905 5715 me·

4154 5733 4230 5756 nace
4247 5725 4284 5754 de
4301 5722 4494 5757 l'effroyable
4510 5721 4598 5755 catac]
4613 5721 4701 5755 ('suie
4716 5721 4731 5755 ?
4748 5723 4903 5764 P^itêtru

4151 5758 4236 5795 aussi
4253 5758 4455 5795 l'expression
4472 5758 4657 5795 instinctiva
4694 5758 4732 5786 cts
4768 5752 4905 5786 i'<-saJta«

4150 5800 4218 5827 tion
4244 5797 4415 5825 intérieure
4434 5793 4642 5828 qu'exaspéra,
4686 5801 4726 5821 au
4770 5800 4902 5828 passage

4150 5833 4244 5862 d'une
4263 5830 4419 5865 nouvelle,
4438 5828 4615 5864 l'appru^ie
4634 5828 4760 5857 lerri^Ia
4780 5828 4819 5858 4î
4838 5829 4902 5857 VI»

4156 5868 4330 5903 réparable.

4186 5899 4251 5933 iwas
4268 5899 4430 5933 ojfleiert'
4447 5899 4625 5933 supér>«uj.s
4638 5898 4676 5925 de
4693 5899 4722 5926 I.<
4742 5899 4781 5933 ja
4801 5899 4878 5933 -:r=
4898 5899 4937 5933 rC

4149 5936 4340 5973 pubîicaine.
4366 5936 4463 5964 suivi.?
4487 5936 4557 5964 d"ur.
4582 5936 4747 5969 troropert«~
4824 5933 4935 5968 aao«

4150 5974 4244 6004 doute
4262 5974 4289 6002 le
4306 5972 4473 6007 trompette
4488 5971 4543 5998 des
4560 5971 4766 5999 suinmaVoss
4781 5971 4816 6004 -°
4834 5971 4904 6004 pes^

4148 6011 4220 6039 sent
4241 6007 4259 6039 à
4277 6007 4398 6039 cheval.
4420 6007 4464 6034 Lu
4485 6002 4570 6034 foul^
4589 6007 4724 6034 s'icariô.

4310 6059 4369 6101 La
4382 6055 4548 6105 lugubre
4564 6055 4746 6100 nouvelle

4184 6124 4239 6155 Dix
4258 6124 4385 6155 heures.
4404 6120 4463 6149 Ces
4480 6119 4594 6154 çrarce-
4610 6121 4813 6155 asuiiacipau:
4832 6125 4926 6155 sa»

4148 6164 4218 6191 sent
4236 6168 4293 6189 rue
4310 6154 4505 6189 Montmartrs,
4523 6154 4559 6189 Is
4577 6154 4666 6189 fusl:
4686 6162 4739 6184 snr
4757 6156 4904 6192 i'épaide^

4146 6200 4221 6227 d'un
4237 6193 4287 6233 pas
4304 6193 4403 6233 hâtif.
4420 6192 4456 6221 Et
4472 6192 4541 6220 c'sit
4557 6199 4598 6220 au
4613 6191 4757 6222 n}o;:itnî
4773 6191 4805 6222 où
4820 6197 4900 6220 Buna

4148 6235 4290 6269 plaisons
4313 6231 4333 6259 à
4352 6227 4439 6257 noter
4457 6227 4492 6257 le
4512 6226 4618 6259 revues
4636 6226 4760 6259 ilemeoi
4778 6226 4814 6259 de
4832 6226 4903 6259 c«U«

4148 6270 4232 6298 foule
4246 6273 4311 6302 que
4326 6264 4439 6293 circula
4457 6264 4487 6291 la
4505 6263 4576 6294 diào
4594 6263 4665 6294 acte
4682 6261 4831 6294 r;uuveîi«.

4180 6304 4295 6333 Jaurès
4314 6301 4397 6329 vient
4418 6298 4511 6326 tïtlr*
4531 6299 4707 6325 •x<i.t
4722 6299 4752 6325 au
4768 6294 4847 6332 fo/é
4867 6294 4926 6332 si»

4148 6340 4320 6369 Croissant,
4352 6335 4438 6363 Cetb"1
4464 6333 4606 6361 nouvelle
4634 6339 4729 6360 ri:.<e
4756 6329 4845 6367 afis
4868 6329 4935 6367 to-

4147 6376 4290 6411 pression
4310 6373 4347 6400 de
4365 6373 4494 6405 stupeur
4512 6366 4539 6404 pi
4553 6366 4672 6404 ;i-ii.
4745 6366 4914 6397 •n-n>!anfc

4146 6412 4184 6440 de
4210 6408 4331 6439 boucha
4358 6403 4394 6434 en
4412 6403 4448 6434 V.
4466 6403 4554 6434 ud;o.
4580 6404 4627 6435 r,.
4654 6403 4791 6438 UiE-j;.i
4809 6403 4929 6438 tfn'ïma

4146 6448 4232 6476 foule
4257 6445 4297 6478 de
4317 6445 4396 6478 gens
4416 6445 4456 6478 «.
4480 6440 4637 6474 pi-.k-ipïtt"
4837 6437 4904 6468 Iteu

4145 6484 4185 6512 où
4215 6483 4287 6510 s'est
4312 6477 4444 6507 commis
4468 6475 4757 6509 l'nr-oîrilaa..
4778 6475 4902 6509 iiiaÈv

4146 6525 4227 6547 nous
4246 6515 4396 6545 écoutons
4416 6513 4480 6539 ce?
4824 6515 4903 6538 *.oe3-«

4145 6556 4219 6583 bent
4238 6553 4318 6579 dans
4337 6546 4371 6582 un
4388 6546 4455 6582 gre-

4180 6600 4196 6615 «
4221 6586 4268 6615 Ah
4294 6582 4374 6619 qu-"îl
4422 6583 4493 6609 s~
4777 6589 4863 6610 ~T

4146 6626 4192 6654 On
4218 6630 4257 6650 va
4285 6621 4353 6649 dire
4378 6618 4445 6648 là-;

4146 6662 4192 6690 On
4214 6659 4256 6687 l'a
4276 6655 4378 6685 tué
4400 6653 4569 6681 !c

4148 6695 4216 6724 nait
4244 6691 4282 6722 de
4301 6691 4394 6722 faire
4418 6696 4456 6723 t

4146 6732 4218 6763 Oui,
4248 6728 4321 6757 c'eaL
4364 6731 4412 6756 un

4148 6772 4238 6804 pays,
4261 6774 4277 6792 b
